2402 3329
474 224 597 277 204
803 202 915 261 DE
961 197 1229 258 CVRVA
1273 189 1848 255 RECTIFICABILI

533 384 538 386 ·
606 351 1021 422 dozdsfin.x11
1067 364 1120 408 et
1165 352 1338 422 Tan-g
1354 337 1782 442 ν--Μζζΐᾶζζΐθῇ

476 485 549 524 ex
591 470 783 541 quibus
825 467 1002 522 ambas
1043 465 1364 538 quantitates
1392 461 1415 518 Θ
1439 480 1495 521 et
1523 466 1582 533 ψ
1611 462 1914 533 inuestigari
1939 475 2175 535 oportet3

477 569 680 610 verum
727 554 1038 606 etiamnunc
1082 550 1234 604 nulla
1276 562 1421 623 patet
1465 554 1553 606 via
1602 552 1665 606 ad
1739 550 1882 604 hunc
1952 554 2174 618 scopum

481 638 859 713 perueniendi,
904 650 1077 708 quum
1122 650 1299 691 tamen
1351 637 1408 690 in
1456 636 1622 707 plano
1667 651 1736 691 ex
1778 640 1893 690 data
1919 634 2177 689 relatione

483 727 627 780 inter
695 738 887 776 arcum
955 735 1149 777 curuae
1219 737 1276 774 et
1337 721 1555 777 radium
1624 720 1794 779 osculi
1858 718 2178 790 constructio

489 823 696 886 curuae
738 804 891 862 facile
934 804 1263 881 perficiatur.

690 958 855 1014 XVI.
904 957 1188 1027 Postquam
1234 960 1404 1025 igitur
1449 960 1773 1014 ostendimus
1834 957 2186 1029 quemadmo-

493 1044 628 1097 dum
673 1057 744 1094 ex
794 1055 960 1092 curua
1034 1040 1177 1092 ΒΜ
1249 1052 1532 1108 tamquam
1597 1043 1715 1091 data
1782 1041 2008 1103 speciata
2078 1042 2193 1093 eius

493 1126 709 1179 radium
756 1123 920 1180 osculi
971 1119 1092 1177 ΜΟ
1135 1120 1350 1176 definiri
1395 1135 1663 1195 oporteat,
1708 1120 1839 1175 hinc
1888 1120 2194 1175 vniuersam

495 1208 803 1264 Theoriam
851 1204 1183 1261 euolutionis
1230 1208 1286 1260 in
1355 1207 1631 1278 superficie
1702 1205 1984 1279 sphaerica
2052 1207 2197 1262 deri·

496 1307 629 1350 'vare
674 1293 1024 1367 poterimuS,
1070 1308 1305 1362 namque
1376 1294 1640 1362 punctum
1713 1291 1846 1346 illud
1911 1293 1962 1347 Ο
2032 1289 2201 1344 situm

503 1382 613 1434 erit
658 1381 712 1431 in
757 1392 926 1431 curua
971 1377 1230 1445 quapiam
1276 1373 1375 1427 CO
1403 1417 1418 1443 ‚
1460 1393 1625 1448 quam
1675 1381 1880 1431 merito
1923 1376 2202 1431 euolutam

503 1480 702 1519 curuae
744 1461 889 1519 ΒΜ
937 1459 1207 1531 appellare
1261 1458 1406 1512 licet.
1496 1461 1550 1518 Si
1597 1462 1746 1516 enim
1817 1477 2014 1520 curuae
2079 1460 2204 1517 Co

507 1548 681 1604 filum
726 1545 1061 1615 concipiatur
1104 1543 1485 1615 applicatum,
1549 1547 1705 1619 idque
1770 1550 2088 1604 extendatur
2150 1549 2207 1601 in

507 1632 796 1706 superficie
840 1628 1126 1699 Sphaerica
1171 1645 1362 1684 arcum
1430 1633 1617 1688 circuli
1694 1636 1925 1690 maximi
1989 1649 2209 1705 reprae-

507 1718 778 1784 sentabit,
825 1716 917 1786 qui
956 1713 1236 1768 euolutam
1284 1716 1338 1769 in
1409 1720 1524 1790 ipso
1593 1722 1796 1791 puncto
1865 1721 1918 1775 O
1981 1732 2165 1788 tangat
2193 1759 2211 1787 ,

512 1804 748 1857 omnino
790 1799 875 1853 vti
920 1796 976 1851 in
1017 1799 1180 1868 plano
1225 1801 1320 1853 vsu
1367 1806 1567 1875 venit,
1611 1808 1682 1860 ita
1729 1818 1790 1856 vt
1837 1804 2002 1857 nostra
2045 1818 2212 1856 curua

515 1885 642 1942 BM
692 1900 762 1940 ex
803 1881 1117 1937 euolutione
1161 1898 1367 1939 curuae
1417 1885 1522 1943 CO
1569 1887 1736 1956 reipsa
1782 1884 1995 1939 describi
2030 1882 2210 1953 possit,

517 1972 662 2026 'vnde
706 1970 924 2042 perinde
977 1981 1133 2038 atque
1199 1969 1256 2022 in
1323 1971 1484 2042 plano
1549 1970 1846 2024 notandum
1914 1969 1987 2021 est
2019 2007 2034 2033 ,
2103 1971 2215 2021 fore

517 2056 733 2108 radium
777 2051 938 2108 osculi
980 2054 1064 2104 seu
1109 2069 1295 2106 arcum
1346 2055 1409 2107 M
1435 2056 1487 2107 Ο
1519 2095 1535 2118 ,
1578 2053 1729 2106 arcui
1796 2051 2044 2105 euolutae
2089 2049 2134 2105 C
2161 2050 2213 2105 O

523 2138 803 2208 aequalem
836 2177 850 2203 ‚
899 2135 988 2189 vel
1034 2137 1329 2206 quantitate
1374 2135 1637 2189 constante
1683 2133 2043 2204 superantem,
2085 2150 2218 2205 quae

525 2223 795 2292 quantitas
838 2220 1075 2274 constans
1119 2221 1377 2289 quoniam
1425 2219 1485 2272 ab
1552 2218 1774 2270 arbitrio
1844 2219 2024 2274 nostro
2089 2236 2218 2288 pen·-

526 2308 616 2361 det
648 2346 662 2371 ,
709 2307 923 2360 euidens
966 2305 1037 2358 est
1083 2320 1149 2356 ex
1195 2305 1434 2358 eiusdem
1481 2318 1673 2356 cut-uae
1721 2300 1765 2355 C
1792 2299 1846 2357 O
1913 2303 2219 2359 euolutione

529 2387 949 2445 innumerabiles
993 2402 1185 2443 curuas
1231 2387 1365 2445 ΒΜ
1411 2387 1631 2462 produci
1679 2385 1830 2459 posse.

270 2547 387 2595 Tab
429 2548 468 2593 Ι.
735 2542 927 2602 XVII.
1002 2544 1101 2600 His
1146 2544 1401 2617 expofitis
1444 2543 1629 2596 ordine
1674 2545 1989 2612 retrogrado
2053 2545 2223 2600 confi-

267 2616 367 2674 Fig.
423 2627 469 2672 3·
537 2628 790 2685 deremus
855 2632 1105 2703 primum
1172 2631 1337 2701 ipsam
1408 2642 1632 2681 curuam
1706 2630 1984 2684 euolutam
2061 2630 2224 2686 Coo

540 2730 645 2782 pro
688 2734 788 2784 qua
834 2731 1099 2771 xocemus
1144 2729 1326 2766 arcum
1374 2711 1631 2768 COzs
1675 2729 1736 2768 vt
1782 2713 1844 2769 fit
1891 2714 2224 2770 elementum

540 2797 758 2856 Oozzds
786 2841 802 2872 ‚
846 2818 906 2856 ac
950 2819 1016 2857 ne
1062 2813 1197 2875 opus
1251 2796 1533 2855 habeamus
1598 2801 1864 2875 punctum
1938 2801 2226 2873 quodpiam

2083 2883 2228 2939 arbi·-
