2402 3329
222 2715 423 2771 Insertio.

508 200 628 261 ms
888 184 1824 247 OBSERVATIONES

503 340 847 413 glenoideam
895 338 1132 395 eiusdem
1181 342 1288 395 fere
1330 356 1458 397 cum
1505 340 1606 394 offe
1661 338 1881 393 humeri
1948 334 2194 408 longitu-

500 428 642 483 dinis
688 426 784 479 esse
829 425 1061 495 monui,
1105 425 1370 496 angulum
1417 426 1724 496 intercipiat
1769 424 2018 493 redtum3
2088 424 2194 479 hoc

503 525 687 581 totum
736 511 963 583 spatium
1010 511 1148 565 inter
1195 512 1492 566 humerum
1538 525 1592 566 et
1639 510 1906 581 scapulam
1987 527 2014 562 a
2083 511 2195 564 solo

500 597 608 652 hoc
654 612 891 650 anconeo
935 611 1231 668 occupatur
1258 637 1274 665 ,
1316 610 1371 651 et
1414 595 1676 652 humerus
1715 612 1845 649 cum
1893 596 2092 665 scapula
2141 605 2198 646 et

455 680 790 758 ,interiecsto
832 697 1076 736 anconeo
1118 698 1320 751 magno
1389 683 1593 736 iterum
1663 679 1880 734 massam
1949 678 2197 749 quadrati

502 783 623 822 cam
669 769 848 821 refert.
890 787 894 789 ⁷
944 767 1006 820 In
1051 768 1301 822 omnibus
1365 767 1682 820 animalibus
1751 779 2015 818 anconeus
2079 781 2196 818 ma·
2246 830 2253 840 ι

503 867 642 920 gnus
688 846 965 904 musculus
1009 848 1201 916 longus
1245 851 1666 916 subcylindricus
1704 850 1791 903 est.
1862 850 1924 904 In
1970 849 2196 903 homine

505 935 552 988 is
598 947 863 986 anconeus
891 967 908 994 ‚
952 933 1042 998 qui
1093 946 1299 998 magno
1341 930 1516 984 leonis
1556 934 1832 1002 respondet
1858 972 1873 1000 ‚
1942 933 2035 988 iile
2080 935 2153 988 est
2179 974 2197 1003 ,

502 1018 598 1087 qui
646 1015 840 1082 longus
884 1012 1130 1081 dicitur3
1177 1013 1428 1085 idemque
1472 1030 1500 1066 a
1547 1027 1693 1083 parte
1737 1015 1901 1067 costae
1955 1019 2195 1087 scapulae

502 1098 804 1155 breuiffima
874 1097 972 1152 illa
1026 1100 1200 1153 oritur
1275 1099 1381 1154 sola
1447 1114 1583 1168 quae
1653 1097 1860 1152 collum
1927 1112 2199 1167 vocatur,

502 1186 642 1241 vnde
689 1200 797 1237 non
844 1183 978 1237 alius
1026 1182 1123 1237 nifi
1167 1183 1587 1255 subcylmiricus
1645 1180 1915 1238 musculus
1943 1223 1958 1245 ‚
2025 1201 2198 1257 neque

500 1269 691 1327 crassus
737 1268 957 1323 euadere
1026 1271 1220 1338 potuit.
1329 1266 1641 1340 Simihsque
1710 1269 1949 1321 eiusdem
2022 1269 2197 1339 figura

499 1355 556 1410 in
597 1355 695 1410 fele
734 1355 816 1408 est.
905 1353 1057 1427 Quos
1099 1353 1338 1409 aliorum
1379 1355 1699 1410 animalium
1774 1369 2036 1408 anconeos
2068 1395 2086 1417 ‚
2152 1355 2196 1412 fi

498 1439 890 1513 comparaueris
935 1452 1068 1493 cum
1111 1437 1213 1495 illo
1258 1441 1316 1495 in
1361 1440 1551 1510 leone,
1619 1439 1873 1495 videntur
1940 1437 1994 1492 hi
2042 1440 2195 1510 longi

499 1525 725 1595 graciles
775 1521 1008 1578 musculi
1059 1527 1222 1579 modo
1276 1527 1339 1580 ad
1414 1525 1599 1580 vlnam
1666 1524 1996 1579 mouendam
2067 1526 2197 1582 facti

499 1612 617 1676 effe,
661 1626 790 1665 cum
837 1607 929 1661 ille
973 1608 1318 1678 quadraticus
1360 1609 1500 1664 solus
1543 1610 1604 1664 ad
1653 1624 1866 1679 magnas
1900 1626 2004 1680 ope
2043 1608 2198 1663 vlnae

500 1696 646 1747 vires
687 1692 986 1746 exserendas
1035 1695 1326 1761 productus
1370 1692 1450 1746 sit.
1516 1692 1711 1760 Neque
1756 1695 1922 1745 etiam
1970 1694 2025 1745 in
2072 1691 2193 1746 aliis

504 1774 768 1830 musculis
810 1773 1098 1829 maioribus
1140 1775 1456 1848 exemplum
1504 1775 1662 1830 facile
1708 1774 1979 1829 inuenitur
2052 1778 2190 1830 eius-

503 1861 653 1916 modi
701 1857 942 1928 figurae,
990 1861 1083 1930 qui
1128 1863 1325 1934 quippe
1387 1859 1476 1914 vel
1548 1860 1692 1930 plani
1757 1859 1878 1912 sunt
1944 1872 1997 1912 et
2068 1862 2193 1916 satis

502 1944 828 2017 plerumque
873 1955 1053 1996 tenues
1080 1986 1095 2012 ,
1141 1958 1205 1997 vt
1251 1943 1481 1996 musculi
1527 1946 1589 1996 ad
1635 1945 1914 1999 thoracem
1955 1942 2056 2005 fiti‚
2099 1945 2194 1999 vel

502 2028 653 2098 longi
699 2024 1106 2095 subcylindrici‚
1151 2041 1215 2082 vt
1262 2023 1490 2081 musculi
1516 2029 1950 2084 extremitatum.
1998 2025 2194 2099 Neque

498 2115 553 2170 in
609 2112 980 2166 maximorum
1025 2110 1348 2166 animalium
1397 2109 1621 2181 glutaeis
1674 2109 1881 2180 magnis
1935 2114 2047 2166 eius
2112 2111 2194 2168 fi..

498 2214 660 2270 gurae
683 2196 898 2251 massam
931 2195 1166 2252 inueniri
1207 2198 1470 2270 persuasus
1514 2195 1629 2249 sum
1659 2235 1676 2261 ‚
1723 2211 1963 2266 quorum
2009 2211 2193 2256 tamen

500 2287 848 2354 giutaeorum
895 2282 1111 2340 insertio
1153 2285 1212 2338 in
1256 2300 1316 2339 os
1358 2280 1574 2337 femoris
1617 2281 1914 2336 exserendis
1984 2284 2193 2340 viribus

502 2369 633 2423 adeo
679 2382 869 2440 parum
933 2365 1115 2438 fauet,
1185 2381 1247 2424 vt
1315 2366 1635 2437 magnitudo
1698 2383 1890 2422 eorum
1956 2372 2191 2427 omnino

504 2454 676 2523 magis
721 2451 988 2506 obstaculis
1034 2455 1306 2513 vincendis
1349 2467 1513 2527 quam
1566 2452 1914 2523 producendis
1984 2456 2188 2512 effeffl-

503 2537 599 2592 bus
646 2537 902 2593 inseruire
947 2539 1206 2599 videatur.

707 2692 949 2748 Tendine
996 2693 1206 2749 tandem
1249 2687 1362 2745 lato
1403 2697 1457 2741 et
1498 2686 1662 2742 crasso
1702 2694 1924 2749 conoide
1967 2693 2189 2751 fortiffi·

506 2788 604 2832 mo
649 2789 911 2832 anconeus
954 2775 1162 2835 finitur.
1212 2776 1286 2834 Ei
1329 2775 1385 2830 in
1410 2771 1689 2850 superficie
1737 2781 1999 2838 exteriori
2027 2781 2188 2835 fibrae

2046 2877 2182 2924 acce‘
