2402 3329
548 236 689 291 492
911 211 1525 299 DESCRIPTIONES
1572 219 1850 277 AVIVM.

551 368 812 426 Distantia
856 367 919 422 ad
962 369 1182 442 pinnam
1227 370 1312 422 ani
1443 401 1471 413 -
1588 399 1616 409 ··
1736 397 1764 409 -
1894 357 2057 424 1—6‘

626 500 628 503 ,
795 501 798 506 ,
1057 456 1120 514 ad
1173 454 1360 508 caudae
1423 456 1642 510 initium
1753 484 1777 493 -
1891 467 2016 519 2-7

549 537 859 609 Longitudo
901 539 1193 613 pinnarum
1242 540 1600 611 perstet-alium
1699 566 1725 578 -
1810 566 1846 577 -
1932 551 2021 602 -5

768 617 770 619 ’
1248 625 1580 679 ventralium
1629 686 1631 688 a
1686 651 1709 660 -
1822 654 1845 662 -
1929 627 2048 687 -33

1265 711 1378 763 Ani
1466 732 1532 747 '-·
1664 736 1691 748 -·
1799 737 1826 748 -
1939 719 2027 770 -5

1262 793 1428 848 Dorsi
1511 822 1535 831 —
1665 825 1694 838 -
1801 822 1826 830 -
1934 796 2030 842 -6

1248 877 1461 930 Caudae
1548 906 1575 918 -
1662 907 1690 919 -
1795 907 1822 920 -
1938 888 2027 938 -5

547 960 810 1016 Craffities
834 957 1027 1028 capitis
1050 955 1193 1009 linea
1221 958 1472 1010 circulari
1501 973 1594 1028 per
1638 959 1823 1016 oculos

631 1043 790 1098 dusta
921 1069 948 1078 -
1084 1066 1110 1078 -
1243 1069 1269 1081 -
1402 1069 1430 1079 -
1562 1068 1587 1078 -
1716 1071 1743 1081 -
1885 1038 2080 1093 1¹¹-—1¹‘¹

698 1120 701 1123 ’
1000 1126 1061 1180 ad
1106 1137 1416 1196 aperturam
1461 1122 1837 1179 branchiarum
1889 1143 1913 1177 1
1944 1137 2035 1187 -5
2161 1114 2164 1117 ⁴

1001 1225 1140 1281 pone
1189 1211 1372 1280 pinnas
1418 1210 1687 1264 ventrales
1771 1240 1798 1249 -
1892 1228 1916 1261 1
1948 1216 2045 1261 -6

1005 1296 1066 1348 ad
1116 1295 1341 1347 initium
1387 1296 1579 1365 pinnae
1622 1295 1807 1351 dorsal.
1888 1311 1911 1345 1
1946 1300 2042 1347 -6

1001 1381 1064 1435 ad
1109 1392 1366 1433 exortum
1411 1381 1606 1434 caudae
1707 1410 1732 1417 -
1817 1407 1841 1419 -
1931 1381 2044 1430 -6.

749 1642 928 1716 Caput
973 1646 1128 1699 breue
1172 1647 1278 1700 fere
1325 1647 1576 1702 conicum
1606 1687 1622 1712 ,
1688 1646 1838 1700 cuius
1896 1655 2089 1698 vertex
2160 1645 2247 1698 ni-

550 1729 759 1800 gricat,
824 1729 969 1784 oculi
1025 1727 1324 1785 lateraliter
1371 1732 1454 1785 {iti
1502 1731 1636 1783 iride
1679 1739 1927 1796 argentea
1957 1767 1972 1793 ‚
2021 1727 2238 1798 pupilla

550 1828 680 1871 atra.
732 1815 817 1868 Ab
859 1814 1061 1884 angulo
1103 1816 1215 1870 oris
1259 1816 1394 1870 infra
1438 1813 1663 1871 oculum
1710 1828 1871 1882 vsque
1923 1814 1986 1865 'ad
2026 1813 2239 1880 'regio-

552 1917 682 1955 nem
728 1901 935 1954 auditus
981 1899 1192 1953 ducitur
1240 1899 1450 1954 macula
1495 1898 1610 1951 alba
1656 1900 1728 1950 sat
1778 1897 1881 1948 lata
1928 1898 2031 1948 fere
2081 1897 2234 1950 luna-

549 1985 638 2040 ris,
686 1982 948 2052 Operculi
991 1983 1379 2048 branchiostegi
1425 1975 2019 2033 vxtimumsofficulum
2047 1995 2236 2048 argen-

549 2078 639 2121 teo
680 2065 860 2121 colore
901 2065 1198 2135 resplendet
1226 2106 1240 2132 ‚
1285 2064 1423 2117 vnde
1476 2066 1528 2116 in
1571 2060 1830 2131 operculo
1876 2062 2086 2117 macula
2129 2077 2237 2117 tra-

547 2152 793 2225 pezoides
835 2162 1117 2218 argentea:
1163 2149 1398 2220 reliquae
1432 2146 1620 2218 capitis
1649 2159 1816 2216 partes
1847 2160 2002 2201 atrae.
2057 2148 2242 2205 Rifius

551 2239 823 2304 angustuS,
872 2235 1181 2290 mandibula
1229 2233 1452 2288 inferior
1501 2229 1662 2304 paulo
1706 2231 1922 2285 breuior
1948 2235 2255 2303 superiore‚‘

547 2336 703 2376 extus
747 2321 927 2376 colore
974 2321 1255 2389 sanguineo
1302 2319 1551 2383 imbuta,
1595 2318 1686 2384 qni
1733 2311 2042 2385 sanguineus
2087 2320 2240 2374 color

548 2420 772 2479 occupat
816 2408 983 2460 etiam
1034 2406 1341 2476 marginem
1371 2400 1703 2461 mandibulae
1730 2404 2017 2474 superioris
2041 2405 2104 2459 ab
2131 2405 2241 2460 oris

551 2493 746 2561 angulo
790 2491 851 2546 ad
904 2493 1161 2548 medium.
1212 2489 1470 2545 Maxillae
1512 2488 1742 2542 faucium
1793 2500 2020 2559 quatuor
2064 2491 2238 2545 denti-

548 2578 688 2631 culis
738 2577 948 2632 setaceis
995 2594 1096 2632 vna
1145 2576 1272 2632 serie
1318 2573 1501 2645 pofitis
1556 2586 1841 2630 armantur.
1894 2574 2131 2629 Dorsum
2179 2576 2240 2629 ab

549 2661 714 2718 initio
769 2661 913 2717 vltra
983 2663 1153 2716 cranii
1221 2657 1442 2731 planum
1505 2655 1818 2725 denatum,
1884 2661 1947 2714 ad
2010 2661 2236 2714 caudam

549 2761 681 2799 vero
729 2747 930 2802 decline
974 2747 1120 2801 linea
1167 2746 1303 2801 fusca
1345 2755 1629 2799 notatum:
1698 2741 1858 2797 latera
1922 2746 2070 2816 piscis
2130 2744 2238 2799 oli-

550 2845 708 2887 vacea
738 2869 754 2899 ‚
798 2833 861 2886 ad
905 2845 1219 2904 aperturam,
1255 2828 1631 2888 branchiarum
1660 2827 1970 2906 vobicuriora
2038 2829 2234 2899 vbique

2049 2926 2234 2968 macu-
