2402 3329
516 240 639 296 374
889 188 1022 280 DE
1091 217 1386 280 MOTV
1450 213 1825 277 M1XTo

508 377 674 433 modo
721 375 1040 431 vibrationes
1114 389 1214 445 pro
1267 369 1424 432 valde
1489 374 1671 444 paruis
1738 367 1916 423 haberi
1983 365 2192 438 poffint·

499 462 566 519 >Si
611 462 811 516 lamina
858 463 946 515 vel
994 459 1206 514 infinite
1250 458 1418 527 rigida
1463 461 1814 531 supponatur,
1860 456 1930 529 ita
1976 465 2038 507 vt
2068 454 2193 507 nul—

507 547 621 601 lam
698 547 983 602 admittere
1037 545 1430 613 inflexionem,
1495 547 1667 599 videri
1738 540 1931 613 possit,
1997 536 2196 593 adhuc-

508 633 643 686 dum
688 633 859 685 saluae
908 622 1196 685 manebunt
1238 629 1600 684 conclusiones
1656 629 1896 694 nostrae3
1963 623 2194 682 areciffi-

512 731 608 770 mo
650 719 797 770 euim
845 715 1074 770 vinculo
1118 731 1248 769 cum
1294 713 1539 769 adhibitis
1579 712 1962 784 hypothesibus
2005 709 2199 765 cohae-

509 813 648 856 rent.
779 801 1288 876 Quomodocunque
1355 802 1793 873 experimentum
1838 798 2146 851 instituatur
2183 836 2200 865 ,

509 904 618 941 non
667 899 802 955 puto
846 902 1079 956 vnquam
1127 886 1372 937 futurum
1420 896 1480 937 vt
1528 883 1729 937 lamina
1765 882 2001 955 perculsa
2046 896 2203 937 motu

508 972 601 1023 suo
653 969 981 1036 progreffiuo
1029 966 1149 1040 vim
1194 968 1381 1015 viuam
1429 967 1659 1019 ostendat
1709 968 1986 1035 plusquam
2034 969 2204 1022 dimi-

507 1051 653 1103 diam
702 1050 816 1101 eius
860 1063 1023 1119 quam
1072 1044 1290 1113 regulae
1331 1061 1651 1100 communes
1695 1048 1973 1100 indicant:
2022 1051 2203 1106 imofi

509 1146 801 1189 curuatura
858 1132 1090 1186 laminae
1156 1145 1344 1184 reuera
1412 1129 1711 1201 parabolica
1773 1135 2010 1186 accurate
2068 1150 2210 1188 con-

508 1221 738 1289 veniret,
785 1218 918 1272 foret
964 1217 1078 1268 eius
1119 1217 1200 1268 vis
1246 1216 1374 1268 viua
1419 1231 1520 1284 pro
1562 1216 1674 1271 solo
1720 1228 1877 1271 motu
1927 1217 2206 1291 progreffi-

508 1321 587 1361 'vo
631 1317 847 1358 tantum
894 1306 915 1368 g
960 1301 1040 1356 vis
1082 1301 1241 1355 viuae
1288 1298 1477 1355 totalis

718 1456 760 1519 ξ,
815 1470 906 1520 14.
960 1453 1201 1522 Apparet
1245 1465 1416 1520 ergo,
1461 1465 1625 1521 quam
1674 1447 1833 1520 longe
1874 1452 2000 1507 abfit
2041 1468 2106 1509 vt
2151 1453 2207 1508 in

516 1537 832 1595 huiusmodi
880 1539 1097 1594 laminis
1144 1549 1326 1589 motus
1370 1534 1725 1606 progreffiuus
1784 1554 1810 1590 a
1877 1540 2210 1609 perculsione

518 1629 747 1693 oriatur,
796 1624 973 1696 qualis
1021 1625 1074 1676 in
1115 1621 1426 1693 corporibus
1470 1619 1686 1674 elasticis
1731 1623 1905 1691 vulgo
1941 1624 2208 1678 statuitur.

517 1709 641 1764 Nec
685 1711 871 1764 dubito
914 1710 1044 1781 quin
1089 1709 1254 1761 etiam
1303 1708 1358 1758 in
1404 1706 1712 1778 corporibus
1781 1710 2003 1764 elaflicis
2056 1726 2212 1764 com-

519 1795 760 1847 muniter
825 1792 1071 1847 adhibitis
1104 1832 1119 1857 ‚
1186 1790 1364 1846 veluti
1413 1793 1464 1844 in
1512 1792 1829 1864 corporibus
1885 1795 2214 1864 sphaerici5‚

517 1893 642 1951 pars
687 1877 933 1933 notabilis
979 1880 1060 1932 vis
1106 1877 1264 1931 viuae
1306 1895 1333 1931 a
1362 1876 1690 1948 percuffione
1715 1880 1921 1930 ratione
1951 1891 2210 1933 motuum

518 1963 981 2035 progreffiuorum
1029 1975 1250 2032 pereat,
1289 1978 1422 2032 quae
1488 1964 1542 2014 in
1614 1973 1832 2015 motum
1904 1964 2213 2016 tremulum

518 2048 760 2118 partium
794 2087 810 2111 ,
857 2062 1082 2114 corpora
1149 2045 1590 2096 constituentium
1623 2083 1638 2108 ,
1708 2044 2049 2101 tranfiuerit:
2122 2047 2213 2102 hic

521 2133 671 2184 enim
718 2144 898 2182 morus
936 2127 1216 2188 tremulus
1286 2126 1591 2177 etiamnum
1666 2124 1781 2194 post
1826 2124 2040 2181 finitam
2099 2147 2214 2199 per-

525 2215 819 2270 cuffiouem
893 2213 1211 2284 corporibus
1276 2209 1588 2264 inhaerebit.
1718 2208 1866 2264 Cum
1911 2227 1991 2264 res
2038 2214 2111 2266 ita
2169 2214 2217 2267 se

523 2299 707 2355 habeat
754 2306 806 2353 in
854 2299 1069 2353 laminis
1114 2311 1390 2368 vtcunque
1455 2293 1737 2362 breuibuS‚
1804 2297 1990 2366 quidni
2050 2299 2217 2352 etiam

515 2386 579 2439 in
623 2385 794 2454 globis
835 2383 1042 2438 etiamsi
1094 2382 1319 2455 perfecte
1362 2379 1623 2436 clasticis:
1690 2382 2061 2451 experimenta
2130 2384 2218 2437 di-

524 2471 890 2525 minutionem
960 2468 1358 2539 aliquantulam
1423 2464 1633 2518 virium
1704 2467 1961 2521 viuarum
2033 2471 2221 2522 mani*-

513 2557 744 2624 sessant3
789 2556 1089 2609 diminutio
1129 2569 1312 2610 autem
1361 2549 1527 2616 male,
1572 2565 1691 2603 mea
1719 2553 1935 2623 quidem
1964 2552 2218 2608 sententia

524 2641 843 2695 elasticitatis
884 2641 1112 2694 defectui
1155 2636 1483 2694 adscribitur.
1562 2634 1663 2690 Vel
1709 2635 1846 2692 solus
1888 2638 2085 2707 sonus,
2126 2637 2216 2710 qui

515 2735 556 2780 ‘a
604 2726 929 2797 percuffioue
973 2726 1028 2779 in
1069 2724 1239 2792 globis
1281 2722 1551 2777 excitatur
1579 2761 1594 2790 ,
1634 2722 1962 2778 vibrationes
2010 2725 2216 2796 prodit,

530 2820 768 2885 quarum
814 2825 996 2867 motus
1042 2808 1276 2866 minime
1334 2805 1532 2878 negligi
1602 2807 1742 2883 poffe
1807 2810 2113 2866 existimoe.
2158 2813 2216 2862 at

2040 2894 2223 2949 deter-
