2402 3329
460 241 583 305 426
863 231 974 291 DE
1043 227 1230 288 Icrv
1298 227 1734 288 GLANDWM

456 385 666 443 secundi
711 384 903 455 gradus
947 384 1194 453 deducat,
1239 385 1304 438 de
1349 383 1538 454 quibus
1579 384 1819 457 deinceps
1856 381 2152 438 videndum

458 475 551 540 est,
597 487 732 526 num
780 471 1200 541 integrationem
1247 466 1589 526 admittant?

657 669 829 724 XXI.
908 666 1118 722 Dantur
1182 680 1364 725 autem
1433 660 1887 736 infiniti‘casuS,
1964 665 2158 739 quibus

464 756 779 814 huiusmodi
829 756 1117 822 integratio
1161 754 1339 810 locum
1389 758 1584 823 babet,
1639 755 1844 825 hocque
1894 756 2056 808 modo
2094 753 2157 808 ad

464 841 723 900 formulas
768 840 1141 894 differentiales
1188 843 1356 911 primi
1401 845 1588 911 gradus
1634 845 1944 913 peruenitur
1973 880 1989 908 ‚
2033 853 2160 910 quas

464 946 561 1001 per
605 924 896 979 celeritates
940 925 1209 992 explicare
1256 928 1377 977 licet
1403 968 1416 990 ‚
1459 929 1922 994 quemadmodum
1982 926 2161 980 nostro

464 1014 582 1068 casu
653 998 742 1089 ἔζ-
799 1017 851 1057 et
904 993 987 1085 ‘Ji—{V
1050 1003 1344 1058 celeritates
1392 1008 1743 1075 praebuerunt
1774 1048 1787 1073 ,
1832 1023 1991 1078 atque
2064 1010 2163 1064 hae

468 1108 607 1178 ipsae
650 1103 914 1159 formulae
962 1102 1070 1153 iam
1141 1097 1464 1168 integratae‚
1527 1117 1610 1154 eas
1675 1103 1917 1155 notiones
1984 1101 2164 1158 inuol-

469 1205 656 1259 vunt‚
702 1203 831 1261 quae
881 1186 1053 1254 vulgo
1116 1185 1202 1237 sub
1266 1186 1579 1256 quantitatis
1650 1199 1876 1253 motus,
1947 1184 2040 1240 vel
2085 1190 2169 1242 vis

472 1281 630 1335 viuae
671 1275 896 1329 nomine
944 1274 1343 1339 innotuerunt,
1387 1273 1447 1325 de
1498 1289 1604 1342 quo
1650 1273 1865 1343 quidem
1917 1271 2025 1325 iam
2069 1275 2172 1327 du·

470 1366 606 1420 dum
647 1361 996 1417 obseruatum
1051 1357 1165 1423 est,
1227 1372 1424 1410 nomen
1491 1358 1575 1410 vis
1645 1360 1800 1412 viuae
1871 1359 2173 1429 incongrue

474 1448 708 1506 adhiberi
735 1490 750 1516 ,
789 1461 960 1518 quum
1011 1442 1339 1515 producium
1385 1457 1452 1494 ex
1498 1443 1654 1498 maffa
1700 1445 2005 1514 cuiuspiam
2056 1462 2174 1499 cor-

474 1536 623 1610 poris
669 1550 762 1607 per
807 1532 1134 1604 quadratum
1180 1528 1493 1596 celeritati5‚
1541 1527 1858 1599 neutiquam
1893 1531 1955 1585 ad
1993 1530 2175 1586 notio·

476 1638 603 1678 nem
652 1619 960 1691 cuiuspiam
1002 1618 1086 1671 vis
1129 1617 1310 1672 reduci
1355 1626 1527 1685 queat,

684 1810 886 1866 XXII.
951 1807 1111 1863 Talia
1181 1808 1348 1878 igitur
1420 1805 1737 1877 principia,
1800 1818 1935 1875 quae
2002 1805 2178 1877 vulgo

483 1897 628 1968 leges
674 1907 856 1953 motus
898 1896 1177 1949 continere
1217 1893 1531 1956 censentur,
1600 1909 1703 1946 non
1752 1890 1911 1944 aliter
1957 1892 2177 1963 spcitari

485 1983 699 2056 possunt
766 1982 866 2035 nisi
932 1994 1215 2048 tamquam
1284 1976 1645 2031 conclusiones
1712 1993 1780 2029 ex
1850 1979 2009 2031 vnico
2079 1978 2181 2032 illo

486 2067 842 2122 Mechanicae
888 2063 1159 2136 principio
1204 2062 1497 2126 dedudtae‚
1545 2075 1680 2127 quae
1745 2076 1918 2129 quum
1978 2063 2182 2132 semper

483 2156 575 2209 sub
638 2155 796 2207 certis
864 2162 1077 2204 tantum
1146 2146 1590 2208 conditionibu5‚
1657 2156 1919 2213 quatenus
1985 2146 2186 2202 scilicet

485 2239 745 2295 formulas
790 2234 1069 2304 integrales
1113 2233 1322 2289 secundi
1392 2232 1585 2301 gradus
1650 2230 1921 2298 integrare
1990 2231 2188 2303 licuit,

485 2326 675 2380 locum
725 2324 983 2390 habeant,
1026 2335 1236 2377 tantum
1287 2335 1387 2391 pro
1429 2314 1710 2385 principiis
1778 2315 2187 2386 particularibus

487 2413 608 2465 sunt
655 2411 959 2478 habendae,
1003 2425 1136 2480 quae
1181 2407 1344 2461 etiam
1406 2400 1666 2471 principia
1732 2402 2030 2458 secundaria
2097 2404 2186 2459 vel

489 2498 728 2552 deriuata
772 2494 1041 2569 appellare
1105 2494 1305 2559 liceat,
1372 2489 1501 2541 dum
1574 2501 1766 2541 verum
1839 2487 2189 2547 mechanicae

491 2585 825 2659 principium
870 2582 941 2636 est
987 2583 1210 2637 vnicum
1255 2589 1313 2630 et
1358 2571 1597 2627 maxime
1644 2573 1959 2630 vniuersale.

1936 2856 2187 2912 Examen
