2402 3329
508 218 623 270 268
1044 198 1640 262 DEMOT⁷V

499 366 612 422 iam
656 361 713 415 in
760 358 941 416 nostro
983 355 1096 410 casu
1145 354 1336 428 preffio
1380 354 1436 408 in
1483 354 1534 408 A
1581 351 1865 408 altitudine
1908 352 2050 410 :L
2094 347 2196 410 εὶς-ὲ

505 450 826 521 primatur,
895 443 935 497 fi
981 439 1405 513 amplitudinem
1478 439 1590 494 tubi
1661 440 1946 493 statuamus
2015 454 2199 506 zm,

500 531 806 603 aequabitur
853 545 913 582 ea
965 526 1191 598 ponderi
1239 524 1540 579 voluminis
1584 541 1747 596 aquae
1791 524 2008 590 :Loe‚
2053 531 2203 592 quae*

501 630 564 671 vt
606 633 633 670 a
681 617 737 668 vi
782 613 877 667 illa
929 613 978 665 V
1052 609 1318 665 celeritate
1361 627 1390 665 c
1440 624 1585 665 mota
1634 610 1958 681 producatur
1989 650 2003 673 ‚
2050 608 2196 663 illius

501 699 741 761 celeritas
804 697 932 751 hinc
996 696 1430 761 determinatur,
1527 697 1720 750 (cilicet
1790 694 1826 748 ss
1900 696 2016 746 vim
2090 695 2200 748 Lm

502 785 777 841 celeritate
826 799 859 835 8
903 795 1099 852 aquam
1148 781 1451 853 propellere
1508 782 1782 836 sumamus
1811 820 1826 847 ‚
1869 791 2086 850 oportet
2133 777 2198 832 fit:

1376 860 1443 891 Vc

505 873 553 929 L
579 887 749 925 ma:
780 869 826 921 V
852 884 900 934 c,
947 866 1174 935 hincque
1221 884 1252 919 ε
1281 886 1352 921 Ξ
1378 905 1476 949 ἦ,
1567 868 1646 921 Vt
1691 877 1874 919 autem
1917 879 2050 934 aqua
2096 862 2198 918 hoc

502 982 659 1022 motu
706 964 1062 1017 vniformiter
1116 964 1493 1028 propellatur,
1560 964 1799 1015 vidimus
1868 963 1967 1015 effe
2013 962 2201 1016 debere

502 1051 550 1106 L
579 1067 648 1102 1:
675 1060 710 1095 a
737 1056 812 1105 4-
839 1045 869 1096 k
897 1082 911 1106 ‚
978 1041 1081 1091 vbi·
1104 1059 1110 1068 ·
1136 1044 1354 1110 quidem
1403 1041 1720 1109 preffionem
1765 1043 2127 1108 atmosphaere
2169 1047 2203 1099 k

502 1133 764 1190 omittere
809 1124 1124 1198 possumus,
1170 1127 1263 1194 qui
1306 1125 1490 1179 eadem
1552 1139 1772 1193 quoque
1828 1122 1947 1175 vim
2010 1125 2067 1178 in
2143 1123 2205 1179 A

502 1218 843 1280 comitatur,
904 1213 977 1265 ita
1050 1220 1111 1263 vt
1172 1211 1404 1264 ‘sufficiat
1465 1209 1624 1263 ‘statui
1670 1208 1908 1273 Iaza,
1978 1224 2050 1262 ex
2093 1225 2205 1281 quo

505 1301 854 1377 persp-{cuum
901 1295 1214 1404 eet-aquam
1263 1311 1358 1369 per
1409 1295 1603 1349 tubum
1648 1293 1969 1369 propulsum
2012 1294 2087 1352 iri
2112 1310 2214 1350 ce·

511 1387 725 1446 Ieritate
769 1400 802 1439 8
832 1399 902 1440 :·:
936 1414 1040 1433 --
2207 1397 2210 1401 ·

931 1437 1009 1466 <1OE

996 1547 1548 1630 Scholion.
1649 1575 1713 1630 ρ.

719 1684 812 1740 57.
855 1669 999 1728 Cum
1063 1666 1149 1723 hic
1223 1686 1329 1723 non
1399 1675 1479 1725 vis
1549 1637 1862 1743 principalis
1925 1665 2209 1727 sollicitans

511 1753 619 1813 sola
664 1753 760 1822 V,
801 1757 884 1812 sed
928 1757 984 1810 in
1056 1750 1384 1820 celeritatem
1461 1773 1489 1811 c
1542 1773 1645 1825 qua
1714 1760 1826 1826 agit
1895 1757 2052 1812 dusta
2118 1759 2209 1810 iu-

512 1835 844 1910 computum
892 1839 1263 1908 ingrediatur,
1307 1837 1411 1893 hoc
1457 1842 1785 1909 produetum
1852 1842 1994 1907 Vc,
2065 1839 2213 1910 quod

513 1924 573 1979 in
646 1923 904 1980 omnium
977 1917 1358 1978 machinarum
1441 1922 1634 1974 effestu
1735 1923 2144 1974 determinando
2195 1959 2214 1987 ,

513 2009 754 2064 maxime
799 2008 949 2064 debet
992 2005 1214 2078 speelari
1243 2003 1279 2071 ‚'
1316 2002 1641 2074 peculiarem
1709 2005 2211 2058 denominationem

515 2105 800 2157 meretur,
844 2104 897 2143 et
946 2102 1226 2159 propterea
1266 2086 1396 2139 αέῗίο
1438 2103 1467 2137 a
1513 2100 1601 2135 me
1645 2084 1715 2134 est
1768 2098 2022 2138 vocatum
2052 2124 2070 2149 ‚
2135 2087 2211 2141 ita

515 2189 579 2232 vt
624 2175 754 2231 αόῖὶο
800 2173 865 2228 fit
911 2171 1242 2244 productum
1283 2169 1541 2237 cuiusque
1588 2166 1673 2218 vis
1723 2183 1816 2237 per
1881 2168 2220 2222 celeritatem

517 2279 619 2333 qua
686 2263 795 2330 agit
869 2255 1233 2353 multiplicata
1263 2294 1279 2322 ,
1324 2252 1413 2308 vbi
1458 2249 1742 2321 imprimis
1808 2254 1882 2307 est
1920 2246 2211 2310 obleruan·

520 2346 650 2403 dum
684 2386 699 2412 ‚
743 2350 874 2399 dum
920 2343 975 2396 in
1026 2337 1287 2398 machinis
1331 2337 1474 2393 vites
1518 2335 1639 2391 vel
1655 2336 2011 2393 intenduntur
2038 2380 2055 2412 ‚
2119 2335 2218 2394 vel

521 2433 895 2495 minuuntur,
937 2424 1274 2485 celeritatem
1321 2424 1530 2492 semper
1603 2421 1658 2473 in
1729 2426 1937 2480 ratione
2006 2424 2218 2478 inuersa

520 2514 746 2583 mutari,
790 2527 851 2567 vt
892 2510 1021 2566 αόῗὶο
1061 2502 1653 2571 eademsmaneatffSic
1695 2504 1733 2560 fi
1782 2526 1879 2578 per
1904 2509 2213 2564 machinam

518 2603 604 2657 vis
650 2596 962 2671 principalis
1002 2595 1065 2651 V
1138 2597 1194 2649 in
1261 2593 1433 2647 alium
1502 2586 1686 2644 locum
1756 2593 2003 2649 translata
2071 2596 2226 2650 abeat

523 2687 581 2741 in
625 2682 713 2750 V‘,
757 2683 998 2737 celeritas
1039 2696 1144 2751 qua
1190 2678 1320 2732 haec
1361 2689 1618 2748 operatur
1662 2677 1768 2730 erit
1812 2672 2024 2766 ,zv-3,
2068 2697 2125 2735 ac
2171 2677 2214 2734 fi

525 2796 651 2836 tum
692 2779 929 2838 celeritas
970 2777 1192 2873 actionis
1238 2775 1304 2834 fit
1367 2774 1500 2834 :d
1528 2817 1544 2850 ,
1610 2777 1696 2833 vis
1759 2779 1861 2835 erit
1931 2762 2080 2835 V¹z
2109 2813 2190 2823 --

1412 2885 1417 2890 ”
1478 2891 1481 2893 ’
1984 2875 2217 2933 Machi-
