2402 3329
230 865 343 920 Tab.
365 869 460 918 XV.
520 879 523 882 ’

487 248 612 303 454
858 225 1370 291 RARIORVM
1417 225 1775 285 ‘AVIVM

495 386 641 439 mine
691 382 1117 452 Ornithologico
1161 395 1282 435 eam
1330 377 1603 452 infigniui.
1690 376 1916 431 Vistitat
1987 391 2181 445 conge-

493 485 688 524 nerum
742 485 895 526 more
942 468 1164 542 piscibus
1191 508 1207 537 ‚
1255 481 1407 522 more
1449 462 1786 538 sequentium
1816 504 1831 532 ,
1876 461 2003 534 quas
2044 476 2181 516 nunc

497 570 765 628 propono.

490 692 492 694 ’
636 696 639 702 ’
953 785 956 791 ,
1170 762 1172 764 v
1290 714 1400 781 IX.

940 855 1285 923 ARDEA
1372 854 1730 942 castenea.

882 997 1812 1067 DESCRIPTIO.

702 1134 1014 1205 Longitudo
1057 1152 1084 1189 a
1135 1137 1350 1188 summo
1401 1132 1571 1188 rostro
1611 1131 1672 1186 ad
1726 1135 1900 1197 imam
1962 1138 2188 1192 caudam

498 1219 621 1292 pedi
668 1222 809 1289 vni,
853 1221 1136 1291 pollicibus
1179 1219 1362 1272 decem
1390 1259 1405 1287 ,
1468 1231 1520 1271 et
1564 1217 1723 1271 lineis
1767 1222 1854 1274 sex
1897 1223 2189 1293 respondet.

497 1304 733 1374 Rostrum
779 1308 884 1361 fere
932 1318 1036 1360 tres
1079 1303 1299 1379 pollices
1342 1303 1569 1372 longum
1613 1303 1685 1356 est
1715 1343 1731 1372 ,
1775 1304 1879 1359 basi
1923 1308 2010 1361 sua
2056 1308 2194 1364 liui-

500 1376 637 1444 dum
665 1433 681 1461 ‚
746 1395 1089 1446 extremitate
1133 1391 1353 1460 nigrum
1381 1431 1395 1458 ,
1463 1387 1870 1460 acutiffimum3
1937 1393 2194 1464 vtrinque

498 1475 780 1540 sulcatum.
871 1475 1056 1532 Nares
1125 1474 1348 1529 lineares
1414 1474 1847 1545 angussiffimae3
1914 1477 2196 1534 mandibula

507 1559 714 1633 irfferior
757 1560 932 1637 subtus
977 1551 1268 1628 inemhrana
1308 1558 1467 1612 viridi
1507 1559 1708 1627 cincta,
1753 1576 1778 1612 a
1822 1561 2020 1632 spatio,
2052 1565 2195 1634 quod

506 1647 688 1700 oculos
730 1659 783 1701 et
822 1648 1052 1701 rostrum
1101 1647 1416 1710 interiacet,
1458 1646 1784 1699 continuata.
1871 1645 2039 1717 Caput
2083 1647 2201 1700 exi-

507 1743 696 1798 g-uum.
829 1730 1021 1786 Vertex
1088 1744 1144 1784 et
1198 1731 1383 1802 occiput
1433 1730 1620 1800 pennis
1666 1727 1841 1797 longis
1888 1730 2124 1799 laxisque
2167 1746 2198 1786 e

509 1815 814 1885 candicante
860 1816 1236 1884 nigricantibus
1267 1856 1282 1883 ‚
1347 1814 1555 1868 cristam
1610 1828 1776 1882 vsque
1829 1815 1891 1866 ad
1951 1815 2196 1868 medium

504 1897 716 1953 collum
762 1900 1022 1970 protenfis
1063 1900 1383 1956 abeuntibus,
1440 1899 1570 1955 Gula
1612 1899 1725 1952 alba
1754 1938 1769 1966 ,
1814 1902 2018 1953 saccata.
2061 1899 2199 1972 Spa-

507 1984 631 2036 tium
678 1985 820 2035 inter
861 1984 1045 2038 oculos
1072 1997 1139 2036 -et
1183 1985 1417 2036 rostrum
1479 1985 1723 2034 medium
1758 2019 1772 2044 ,
1845 1984 2018 2034 viride
2046 2022 2061 2047 ,
2128 1983 2199 2036 li·

506 2080 733 2119 nearum
815 2081 1060 2136 quatuor.
1160 2063 1445 2135 Supercilia
1519 2062 1735 2115 viridia.
1823 2061 1936 2116 Iris
2002 2080 2199 2122 crocea„

504 2144 693 2223 Pupilla
741 2150 910 2219 nigra.
983 2150 1346 2218 Longitudine
1391 2160 1554 2215 caput
1598 2144 1820 2216 pollices
1869 2163 1899 2197 2
1948 2162 2001 2202 et
2039 2148 2203 2206 lineas

509 2252 552 2301 4
597 2248 819 2305 aequat3
863 2236 925 2289 ab
965 2235 1115 2290 illius
1157 2246 1342 2287 autern
1387 2230 1488 2285 bafi
1531 2233 1594 2285 ad
1635 2227 1802 2284 finem
1859 2233 2042 2288 cristae
2088 2233 2204 2305 pol-

507 2318 676 2371 licum
728 2338 768 2386 4
811 2332 864 2372 et
911 2319 1094 2375 linear.
1149 2335 1178 2384 3
1231 2318 1462 2390 spatium
1511 2315 1893 2371 intermedium
1938 2318 2023 2373 est.
2068 2318 2201 2375 Ocu-

509 2402 544 2458 li
587 2418 756 2457 vnum
806 2402 1056 2475 pollicem
1105 2418 1158 2459 et
1200 2416 1432 2475 quatuor
1477 2399 1643 2453 lineas
1687 2401 1892 2457 distant.
1979 2405 2030 2457 Α
2097 2402 2199 2457 basi

514 2499 693 2541 autem
764 2490 916 2543 rostri
986 2493 1047 2547 ad
1115 2489 1382 2544 flexuram
1447 2485 1611 2540 cubiti
1679 2489 1707 2536 8
1755 2489 1880 2556 poll.
1925 2502 1976 2541 et
2024 2504 2062 2554 9
2109 2488 2202 2546 lin.

514 2587 759 2628 numero,
849 2572 1046 2630 Latera
1091 2575 1280 2645 capitis
1319 2570 1623 2624 flauescunt.
1710 2569 1898 2627 Collum
1952 2572 2203 2642 gracilis-

512 2656 716 2711 fimum
745 2700 761 2726 ‚
829 2658 1300 2716 castaneo-flauum
1348 2655 1682 2723 longitudine
1724 2656 1987 2726 pollicum
2043 2665 2105 2723 8,
2145 2670 2202 2714 et

515 2741 783 2796 linearum
833 2761 925 2799 ιο.
1035 2743 1259 2810 Inferius·
1302 2756 1329 2792 e
1371 2739 1516 2794 flauo
1557 2750 1610 2793 et
1653 2742 1964 2798 candicante
2018 2742 2201 2799 colore

519 2826 738 2881 varium
781 2830 867 2886 est.
951 2826 1168 2900 Dorsum
1209 2824 1667 2882 castaneo-rufum
1695 2869 1710 2899 ‚
1747 2830 1925 2903 pennis
1967 2828 2201 2882 constans

1997 2910 2198 2969 setifor·
