2402 3329
523 226 645 286 498
953 200 1798 266 DESCRIPTIO

525 371 740 435 iacens;
795 359 1058 419 anteriore
1102 358 1291 433 paullo
1334 357 1544 417 craffior
1587 356 1696 425 est,
1762 371 1821 409 ac
1888 350 1977 406 sub
2030 348 2216 404 eadem

527 456 734 512 flexura
777 451 1116 506 terminatur.

729 558 948 615 Sinister
991 551 1139 610 lobus
1185 556 1465 612 latiffimus
1494 594 1510 620 ‚
1558 555 1887 609 concauitate
1932 553 2017 605 sua
2048 595 2061 620 ,
2134 565 2221 606 re-

528 643 728 698 flexam
776 641 1008 699 intestini
1057 656 1266 711 partem
1311 641 1665 712 respiciente,
1712 642 1866 695 lienis
1914 642 2223 708 portionem

531 731 819 785 dimidiam
887 727 1296 796 angustiorem,
1364 743 1587 798 eamque
1655 728 2033 800 superiorem,
2103 739 2225 776 am-

531 814 791 888 plectitur
820 857 834 884 ,
877 815 1108 879 dextro,
1156 814 1373 866 maffula
1433 812 1703 866 mediante
1774 812 2021 882 hep-utica
2052 850 2066 875 ,
2136 820 2227 880 per

535 900 793 955 sinistram
842 896 1134 951 ventriculi
1177 898 1364 969 facien}
1413 895 1761 949 transuersim
1826 897 2031 949 extensa
2060 936 2075 962 ,
2134 911 2229 947 an-

534 998 720 1038 nexuS.
773 980 1050 1032 Praeterea
1099 976 1190 1029 sub
1234 991 1368 1028 mox
1412 989 1708 1028 memorata
1753 977 1904 1030 lienis
1977 982 2231 1048 portione

533 1079 699 1121 tenue
748 1064 1017 1136 quoddam
1085 1060 1358 1134 hepaticae
1426 1060 1732 1114 substantiae
1807 1061 2033 1115 stratum
2102 1081 2231 1116 con-

535 1152 804 1226 spicitur,
847 1148 1056 1204 sinistro
1101 1146 1226 1202 lobo
1283 1145 1408 1200 hinc
1481 1145 1602 1198 inde
1668 1145 1989 1214 cohaerens5
2057 1147 2237 1218 ipsum

534 1253 675 1294 vero
715 1237 918 1307 hepatis
961 1248 1156 1302 corpus
1205 1229 1351 1288 mole
1393 1231 1687 1285 admodum
1735 1247 1982 1303 paruum.
2084 1231 2239 1286 Vesi-

534 1323 662 1380 >cula
708 1322 846 1379 fellis
875 1362 890 1390 ,
936 1320 1077 1374 inter
1123 1318 1227 1374 hoc
1272 1318 1451 1389 ipsum
1481 1357 1496 1384 ,
1567 1319 1917 1389 eiusdemque
1984 1319 2243 1373 dextrum

544 1409 734 1465 lobum
786 1408 878 1462 sita
907 1447 923 1475 ,
966 1405 1194 1476 oblonga
1221 1446 1237 1474 ‚
1279 1400 1425 1459 collo
1467 1404 1708 1474 superius
1756 1404 2082 1459 terminatur
2127 1404 2244 1458 bre·

546 1495 788 1564 viffimQ
833 1491 975 1565 quod
1000 1494 1190 1548 ductus
1234 1488 1529 1563 hepaticuS,
1576 1506 1604 1542 a
1650 1491 1839 1543 dextra
1884 1489 2088 1561 hepatis
2114 1506 2245 1562 por-

549 1585 702 1640 tione
744 1579 1056 1636 descendens
1085 1618 1101 1646 ‚
1144 1576 1297 1632 subit.
1347 1574 1578 1631 Collum
1627 1574 1727 1629 hoc
1757 1615 1774 1643 ‚
1822 1578 1875 1628 in
1921 1576 2156 1644 ingressu
2184 1574 2248 1629 ad

549 1665 925 1724 ventriculum
968 1679 1160 1736 parum
1218 1661 1527 1726 inflexum,
1597 1660 1686 1713 sub
1748 1659 2061 1716 diuerticuli
2129 1660 2249 1715 satis

550 1749 728 1821 ampli
753 1793 768 1820 ,
810 1747 1153 1820 valuulisque
1194 1748 1414 1801 interius
1456 1746 1692 1817 vndique
1739 1746 2018 1800 intertexti
2075 1744 2248 1816 specie

551 1836 783 1896 duc'tum
831 1834 1147 1906 perbreuem
1192 1833 1426 1902 largitur
1467 1829 1889 1901 choledochum,
1974 1831 2132 1887 Flatu
2194 1832 2251 1884 in

552 1921 783 1980 duc‘tum
832 1918 1144 1989 hepaticum
1191 1918 1432 1972 immisso
1481 1933 1590 1970 non
1658 1931 1873 1971 tantum
1938 1916 2046 1985 ipsa
2112 1913 2255 1969 fellis

553 2003 785 2064 vesicula
831 2004 1233 2065 intumescebat,
1276 2002 1357 2053 sed
1404 1998 1568 2051 fimul
1612 2003 1779 2051 etiam
1826 1998 2016 2052 ductus
2060 1998 2248 2055 chole-

552 2090 759 2151 dochus
797 2086 973 2142 bullas
1013 2101 1188 2143 aereas
1230 2083 1283 2138 in
1330 2077 1624 2138 ventriculi
1668 2098 1863 2139 cauum
1905 2081 2193 2137 eructabat.

763 2201 897 2256 Lien
941 2195 1321 2268 longissimus,
1372 2213 1404 2264 :3
1453 2196 1666 2251 circiter
1709 2196 1985 2268 pollicum
2019 2240 2034 2269 ‚
2078 2211 2260 2255 extre-

567 2287 755 2343 mitate
794 2290 883 2340 sua
932 2284 1250 2355 superiore,
1316 2299 1483 2356 eaque
1542 2284 1826 2352 tenuiore,
1894 2283 1985 2338 sub
2050 2283 2261 2358 hepatis

563 2373 776 2428 summa
823 2387 882 2425 ac
928 2386 1162 2424 concaua
1212 2369 1350 2424 facie
1416 2367 1617 2441 partim
1683 2369 1983 2438 delitescit,
2049 2372 2259 2443 partim

570 2458 822 2514 inferiore
889 2455 1096 2510 maiore
1168 2472 1229 2511 ac
1307 2455 1654 2526 subtriquetra
1729 2454 1988 2529 ampliori
2057 2455 2258 2514 vesicae

570 2559 752 2599 aereae
794 2544 973 2597 ventri
1019 2540 1305 2596 incumbit.

774 2646 863 2702 Ab
907 2645 1211 2717 oesophago
1250 2645 1312 2698 ad
1354 2643 1584 2700 duodeni
1629 2645 1917 2717 reflexum,
1961 2647 2057 2719 qui
2105 2647 2264 2703 vnius

573 2732 791 2788 circiter
838 2729 1057 2802 pollicis
1100 2731 1162 2784 ab
1203 2746 1307 2785 ano
1349 2729 1587 2784 distantia
1639 2731 1849 2805 incipit,
1895 2749 2035 2789 vnus
2070 2734 2264 2789 canalis

574 2817 756 2877 tectus
794 2817 911 2886 est,
972 2816 1094 2870 inde
1140 2830 1275 2872 vero
1340 2815 1406 2872 ad
1468 2814 1674 2893 hepatis
1739 2821 2032 2876 diuisuram
2102 2830 2266 2887 vsque

2034 2902 2267 2967 reuerti·
