2402 3329
427 186 627 252 SOLIS
674 194 743 248 A.
796 203 967 268 1769.
1013 196 1679 267 DETERMINATAE.
1767 222 1890 284 629

608 335 1301 412 ARTICVLVS
1388 348 1489 416 ΙΙΙ.

207 479 680 549 Determinatio
747 487 1232 554 correctionum
1310 494 1364 573 δ,
1397 519 1432 569 y
1479 510 1545 560 et
1588 525 1646 579 π,
1689 518 1761 566 vt
1820 518 1886 570 et

205 565 728 650 Longitudinum
798 570 1404 659 Geographicarum
1477 600 1601 664 pro
1680 584 1840 652 locis
1865 636 1885 668 ‚

396 650 504 717 vbi
557 650 1045 724 obseruationes
1102 656 1288 744 supra
1329 662 1551 731 allatae
1595 666 1684 732 in·

745 741 1001 810 stitutae
1046 740 1330 813 fuerunt.

398 949 486 998 24.
549 931 866 1000 Priusquam
938 933 1102 1000 ipsum
1172 933 1633 1002 inuestigationem
1699 954 1883 994 corre-

194 1016 441 1071 &ionum
485 1012 621 1084 8,]
668 1029 720 1067 et
766 1033 806 1067 π
849 1017 1264 1085 adgrediamur,
1311 1016 1451 1073 haud
1498 1023 1582 1075 abs
1631 1040 1686 1076 re
1732 1028 1877 1092 erit,

193 1104 445 1171 quaedum
511 1101 572 1153 de
647 1104 807 1155 modo
876 1100 1190 1153 inueniendi
1248 1104 1600 1160 correctiones
1644 1108 1878 1164 Tabula-

189 1202 316 1239 rum
364 1184 659 1240 Lunarium
709 1202 776 1238 ex
822 1185 1107 1237 obseruatis
1153 1183 1450 1258 Eclipsibus
1516 1190 1654 1246 Solis
1721 1210 1876 1265 prae-

190 1288 426 1326 monere.
535 1269 787 1321 Primum
852 1269 1024 1335 igitur
1071 1269 1110 1322 fi
1156 1273 1510 1328 correctiones
1556 1272 1683 1345 &y
1726 1292 1780 1332 et
1828 1296 1872 1331 π

185 1356 340 1428 plane
382 1355 688 1408 euanescant
716 1394 731 1420 ‚
795 1353 1060 1407 necessum
1102 1355 1246 1426 erit,
1290 1370 1354 1411 vt
1401 1358 1608 1415 valores
1652 1362 1869 1417 inuenti

184 1459 280 1511 pro
348 1438 674 1510 temporibus
740 1439 1138 1493 coniunctionis
1206 1444 1420 1497 veritati
1467 1447 1720 1516 proxime
1765 1448 1868 1502 smt

180 1525 547 1591 consentanei,
594 1541 766 1594 quum
812 1527 986 1578 omnis
1029 1525 1411 1599 discrepantia,
1458 1548 1589 1601 quae
1634 1534 1866 1605 amplius

179 1609 429 1682 supereffe
473 1611 715 1681 poterit,
759 1609 819 1664 ab
866 1612 1247 1666 incertitudine
1292 1615 1722 1671 obseruationum
1750 1620 1864 1692 ori-

173 1698 355 1764 ginem
400 1696 575 1749 ducat.
660 1696 745 1750 At
791 1711 921 1748 vero
964 1712 1031 1749 ex
1077 1701 1480 1767 aequationibus
1527 1703 1713 1757 nostris
1754 1706 1859 1758 im-

170 1782 362 1853 primis
404 1778 517 1850 IV,
561 1779 650 1834 IX
695 1793 749 1835 et
792 1777 848 1834 X
895 1782 1095 1835 constat
1122 1824 1137 1850 ,
1178 1781 1387 1838 valores
1429 1784 1525 1855 qui
1570 1804 1669 1858 pro
1716 1800 1863 1842 tem-

172 1867 389 1935 poribus
455 1866 849 1922 coniunc'tionis
916 1881 984 1919 ex
1062 1866 1337 1922 obseruato
1405 1870 1566 1924 initio
1631 1885 1687 1926 et
1755 1873 1862 1927 fine

174 1948 402 2020 Eclipfis
443 1950 772 2005 deducuntur
799 1991 813 2015 ,
884 1951 1040 2002 nullo
1089 1952 1254 2004 modo
1301 1952 1440 2004 inter
1487 1956 1533 2007 se
1577 1957 1859 2013 conciliari

170 2031 308 2102 poffe
337 2073 351 2100 ‚
405 2033 455 2092 ,fi
517 2039 846 2103 supponatur
896 2030 1102 2087 valores
1146 2033 1386 2104 ipsorum
1429 2030 1488 2100 δ,
1519 2055 1556 2102 y
1599 2051 1653 2092 et
1698 2059 1741 2095 π
1785 2042 1854 2096 fi-

171 2116 292 2169 mnl
336 2120 646 2173 euanescere.
736 2112 939 2173 Faciles
981 2116 1202 2189 quidem
1249 2118 1517 2189 largimur
1545 2163 1561 2190 ‚
1607 2141 1853 2182 momen-

169 2214 220 2254 ta
264 2201 523 2256 obseruari
571 2202 708 2256 initii
757 2200 980 2273 Eclipsls
1022 2203 1227 2277 semper
1273 2204 1451 2260 multo
1513 2207 1612 2262 effe
1680 2211 1851 2267 incer-

169 2288 305 2340 tiora
353 2288 637 2341 momentis
678 2288 938 2343 obseruati
985 2286 1148 2357 finis,
1217 2289 1319 2344 hoc
1365 2303 1550 2345 tamen
1624 2294 1848 2352 initium

166 2372 230 2424 ad
299 2371 668 2442 praecisionem
745 2372 844 2430 10“
904 2373 1166 2429 obseruari
1238 2375 1376 2449 posse
1438 2377 1851 2452 existimatum,

165 2472 366 2511 errores
438 2472 613 2514 autem
679 2460 732 2513 in
800 2459 907 2513 hoc
977 2473 1264 2515 momento
1332 2460 1630 2530 affignando
1684 2466 1744 2520 ad
1795 2466 1844 2522 2¹

164 2539 251 2594 vel
304 2537 352 2606 3¹
397 2541 705 2613 assurgentes
738 2585 753 2613 ,
817 2545 878 2600 ab
925 2546 1264 2601 Astronomis
1325 2548 1631 2603 exercitatis
1694 2568 1844 2606 com-

164 2627 343 2680 missos
385 2627 554 2698 fuisse,
598 2645 761 2684 nemo
805 2628 954 2686 facile
983 2632 1226 2704 suspicari
1263 2634 1481 2703 poterit.
1572 2633 1841 2705 Magnam

161 2713 331 2780 igitur
370 2716 723 2770 committunt
767 2717 1030 2773 fallaciam
1056 2760 1069 2784 ‚
1135 2715 1506 2788 quiiaffumtis
1564 2724 1845 2793 tempori-

157 2798 250 2852 bus
294 2798 681 2858 coniunstionis
725 2817 796 2856 ex
838 2805 1111 2879 obseruato
1154 2802 1261 2857 fine
1303 2801 1535 2860 deductis
1579 2820 1680 2878 pro
1741 2825 1841 2863 ve-

904 2889 953 2945 K
979 2889 1014 2946 k
1038 2889 1074 2944 k
1098 2888 1133 2946 k
1180 2904 1214 2955 3
1741 2894 1836 2965 εἰς,
