2402 3329
616 261 1442 329 ἙΧΡοειτῐο.
1770 292 1890 349 463

217 430 380 486 Vsque
420 409 706 469 aid-finem
738 416 935 473 caudae
983 419 1171 488 pedem
1228 438 1404 477 vnum
1473 440 1696 498 aequat,
1762 445 1890 484 cum

210 504 410 572 septem
455 509 509 551 et
547 499 778 556 dimidio
822 500 1118 572 pollicibus,
1142 505 1381 574 Rostrum
1415 510 1694 578 pollicum*
1715 517 1887 568 trium

206 601 334 640 cum
403 582 673 650 dimidio,
742 587 930 655 laeue,
1004 589 1201 645 colori-s
1264 608 1333 646 ex
1396 596 1537 649 fusco
1605 598 1913 668 plumbeif

206 666 501 727 Mandibula
535 666 740 736 inferior
779 671 954 725 subtus
998 687 1070 734 etv
1111 676 1276 731 latere
1344 678 1620 735 incarnata.
1731 681 1887 736 Idem

202 754 436 809 rostrum
481 752 827 809 vehementer
878 771 1163 819 arcuatum
1194 801 1210 828 ,
1280 760 1580 821 Mandibula
1629 767 1888 840 superiore

201 839 343 894 sulco
387 838 586 910 pariter
635 841 814 894 medio
858 857 1135 912 excauata,
1182 847 1324 901 intra
1369 865 1536 920 quem
1575 853 1886 905 membrana

202 923 334 979 iacet
373 925 782 994 a·temporibus
827 929 1105 997 producta,
1148 929 1335 983 Nares
1375 948 1442 985 ex
1485 948 1637 1003 parte
1688 951 1888 1006 coope-

199 1010 383 1072 τίθης,
423 1021 584 1078 atque
644 1008 846 1077 abhinc¹
895 1009 1145 1064 flexibilis
1210 1014 1264 1063 in
1330 1013 1479 1069 sulco
1542 1017 1889 1087 delitescenS‚

202 1108 369 1164 vsque
412 1092 546 1144 dum
590 1090 779 1144 scnfim
823 1103 876 1144 et
917 1092 1102 1146 sensim
1142 1097 1415 1164 angustata
1458 1101 1671 1155 circum
1714 1102 1883 1158 finem

198 1177 352 1231 rostri
393 1177 675 1228 euanescat.
771 1174 952 1230 Nares
993 1180 1219 1245 angusto
1266 1183 1531 1251 principio
1583 1200 1732 1240 ortae
1798 1188 1883 1240 la-

201 1262 406 1316 tescunt
436 1299 453 1326 ,
497 1270 553 1312 et
594 1260 808 1312 eandem
857 1258 1197 1312 latitudinem
1244 1279 1411 1334 vsque
1451 1269 1511 1318 ad
1554 1270 1717 1323 finem
1778 1274 1881 1324 ser-

199 1357 345 1402 vant,
440 1344 646 1395 Forum
689 1355 871 1396 autem
934 1345 1194 1399 diameter
1246 1347 1661 1417 longitudmalis
1725 1352 1881 1410 lineis

198 1429 321 1482 οᾶο
360 1427 652 1497 respondet,
697 1425 972 1480 latiffirnae
1020 1430 1116 1482 vix
1162 1433 1286 1484 duas
1342 1433 1507 1488 lineas
1571 1440 1877 1509 adaequant.

197 1513 386 1583 Lingua
433 1509 513 1564 illi
559 1509 750 1562 fimilis
793 1512 905 1579 est,
949 1529 1112 1584 qua-m
1159 1519 1215 1571 in
1259 1520 1518 1575 numenio
1558 1524 1725 1590 igneo·
1785 1526 1879 1580 de-

190 1596 387 1665 scripsi.
472 1592 638 1666 Caput
677 1594 998 1665 oblongum,
1045 1599 1389 1670 longitudine
1434 1607 1703 1676 pollicum
1742 1610 1891 1664 duo—·

138 1746 142 1750 .
190 1688 357 1745 r'um,
401 1678 681 1733 latitudine
712 1720 728 1748 ,
793 1682 883 1735 vbi
955 1699 1014 1736 ea
1080 1691 1318 1740 maxima
1349 1728 1363 1754 ,
1436 1689 1654 1759 pollicis·
1712 1695 1872 1749 vnius

187 1779 317 1818 cum
360 1763 588 1820 dimidio
615 1805 632 1833 ‚
674 1765 824 1820 color
873 1766 1022 1822 illius
1076 1770 1138 1825 ad
1211 1771 1562 1851 nigricnntem
1632 1778 1830 1834 accedit
1860 1821 1876 1847 ‚

188 1865 392 1920 pennae
430 1861 608 1904 tamen
657 1853 898 1923 margine
943 1855 1215 1926 superiore
1276 1858 1507 1912 obsolete
1576 1860 1863 1920 candicant.

192 1932 400 1986 Macula
443 1936 592 2001 supra
634 1936 820 1990 oculos
863 1938 992 2006 alba,
1017 1942 1256 2011 -occiput
1285 1945 1582 2014 respiciens.
1631 1946 1874 2003 Maculae

189 2018 324 2068 duae
369 2013 459 2080 vel
503 2029 607 2070 tres
653 2021 711 2070 in
756 2022 957 2071 vertice
1006 2021 1187 2087 albae,
1233 2040 1412 2091 vagae.
1465 2027 1611 2083 Oculi
1680 2036 1869 2101 parui,

190 2098 350 2150 lineas
379 2113 576 2151 nouem
599 2116 629 2151 a
655 2099 863 2149 naribus
905 2098 1165 2168 distanteS,
1196 2100 1471 2175 superciliis
1517 2112 1841 2168 nudiusculis
1864 2158 1880 2185 ,

192 2178 334 2234 Iride
379 2179 614 2248 pallid0‚
649 2180 830 2252 pupilla
875 2185 1040 2252 nigra.
1127 2184 1358 2258 Spatium
1422 2193 1658 2249 rostrum
1727 2198 1867 2255 inter

190 2277 247 2319 et
289 2262 475 2317 oculos
516 2265 896 2319 intermedium
947 2269 1162 2338 nigrum
1191 2313 1208 2337 ,
1269 2277 1527 2342 rugosum
1553 2321 1573 2348 ,
1636 2280 1865 2338 nudum.

192 2347 376 2403 Collum
422 2346 727 2417 elongatum
753 2342 792 2417 ‚'
820 2352 1080 2421 pollicum
1128 2370 1361 2426 quatuor
1399 2377 1529 2416 cum
1589 2365 1859 2438 dimidio,

189 2428 384 2502 gracile
414 2473 430 2498 ‚
468 2450 500 2486 e
537 2435 724 2503 gryseo
761 2434 940 2490 colore
986 2441 1221 2507 nigrum.
1315 2443 1555 2502 Mentum
1595 2452 1864 2519 nigricans

189 2514 456 2588 panetulis
499 2517 836 2575 albicantibus
864 2507 1148 2578 'notatum
1195 2525 1382 2583 Collum
1420 2531 1632 2597 inferius
1675 2538 1856 2594 colore

187 2601 504 2672 superiori5‚
547 2616 600 2658 at
641 2608 870 2677 antei-ius
917 2608 1279 2681 interruptum
1327 2613 1491 2669 fasciis
1550 2623 1860 2676 transuersis

187 2688 395 2751 tribuS,
437 2684 564 2739 albis
589 2730 607 2754 ‚
650 2690 991 2763 distantibuS‚
1033 2697 1316 2751 accedente
1360 2715 1546 2771 quarta
1613 2706 1860 2765 obsoleta.

184 2776 236 2827 A
261 2769 360 2824 bafi
388 2771 537 2826 rostri
579 2775 640 2828 ad
686 2774 947 2834 flexuram
993 2781 1157 2835 cubiti
1206 2784 1434 2853 spatium
1464 2788 1854 2845 intermedium

182 2858 255 2912 est
283 2897 298 2925 ‚
341 2853 551 2927 pollicis
595 2876 722 2915 cum
769 2876 998 2936 quatuor
1041 2864 1198 2921 lineis
1243 2868 1545 2942 adaequans.
1641 2875 1851 2940 Dorfimz

1720 2980 1753 3014 v
1765 2964 1777 3014 i
1785 2964 1839 3015 ri.
