2402 3329
545 175 1091 236 FLVIDORVM
1166 174 1581 240 LINEARI.
1781 197 1896 255 269

210 321 601 382 Machinarum
647 327 847 382 scilicet
893 330 1013 383 vsns
1065 330 1377 400 praecipuus
1426 332 1477 384 in
1523 329 1626 385 hoc
1655 332 1892 389 confissit

205 427 269 466 vt
311 413 510 467 seruata
556 412 737 465 eadem
805 412 995 468 afflone
1062 414 1143 467 vis
1217 415 1593 481 sollicitanti5‚
1663 413 1749 469 vel
1813 419 1898 471 vis

207 495 295 549 vel
337 497 570 549 celeritas
615 499 675 550 ad
741 496 973 552 lubitum
1046 497 1392 555 immutetur.
1506 499 1587 554 Ita
1653 501 1708 553 in
1780 504 1896 557 casu

200 580 544 652 problematis
572 621 586 645 ‚
632 596 741 651 quo
796 599 933 654 opus
996 595 1109 636 erat
1180 585 1233 638 vi
1305 603 1426 638 :a
1455 603 1492 638 ω
1568 585 1629 638 ad
1699 601 1894 656 aquam

202 680 298 735 per
355 667 540 719 tubum
611 669 660 720 A
689 666 740 719 O
804 666 1210 740 propellendam
1241 707 1256 732 ‚
1324 668 1364 720 fi
1433 671 1514 720 vis
1585 670 1893 742 principalis

199 749 508 804 machinam
577 765 804 804 mouens
872 750 936 804 fit
981 770 1049 804 z:
1075 748 1134 803 V
1211 768 1343 805 cum
1420 750 1701 806 celeritate
1775 776 1838 810 z
1864 773 1893 809 c

194 835 477 889 coniunc‘ta
506 876 527 902 ,‚
572 832 877 891 machinam
935 837 1008 889 ita
1073 834 1389 890 instructam
1467 837 1562 891 effe
1631 845 1891 910 oportet‘,

198 930 261 973 vt
308 921 361 972 in
409 916 752 972 translatione
819 922 902 973 vis
966 920 1029 972 ad
1099 917 1287 972 locum
1359 920 1410 972 A
1480 923 1567 975 vbi
1636 939 1769 992 aqua
1832 926 1888 979 in

201 1004 391 1056 tubum
438 1002 731 1054 intruditur
760 1040 775 1063 ‚
843 1002 928 1052 vis
969 999 1064 1049 fiat
1106 1017 1294 1052 :am
1336 1014 1393 1052 et
1430 1007 1555 1069 quia
1608 1018 1730 1056 tum
1776 1010 1891 1060 eius

200 1084 440 1139 celeritas
483 1081 756 1135 necessario
804 1078 868 1133 fit
915 1097 946 1133 ις
974 1072 1145 1162 :gi-
1178 1120 1192 1147 ‚
1258 1081 1378 1136 hinc
1423 1084 1657 1140 celeritas
1723 1105 1885 1161 aquae

201 1198 298 1254 per
346 1181 534 1233 tub'um
582 1175 862 1248 propulsae
906 1177 1089 1267 sponte
1148 1178 1550 1233 determinatur.
1623 1182 1697 1239 Si
1743 1189 1884 1244 forte

198 1268 266 1321 ob
312 1264 578 1318 machinae
626 1261 945 1313 strusturam
1016 1258 1100 1309 vis
1166 1274 1358 1328 vrgens
1424 1265 1481 1317 in
1551 1268 1643 1333 A,
1708 1286 1881 1341 quam

195 1350 576 1421 posuimus:
605 1343 648 1394 L
676 1360 713 1404 ω
767 1340 938 1393 maior
981 1355 1188 1397 extaret
1230 1361 1394 1415 quam
1452 1365 1546 1401 αω
1575 1390 1589 1418 ,
1636 1353 1878 1410 celeritas

190 1428 411 1482 aetionis
466 1424 521 1475 in
564 1424 749 1477 eadem
798 1426 1006 1479 ratione
1051 1427 1478 1484 imminueretur
1506 1472 1523 1500 ,
1568 1452 1761 1491 verum
1808 1441 1884 1494 ob

188 1510 234 1565 L
265 1510 382 1574 >a
452 1520 631 1561 motus
703 1524 865 1579 aquae
931 1509 1347 1567 acceleraretur:
1421 1524 1538 1569 tum
1613 1535 1746 1590 ergo
1790 1523 1875 1577 vis

182 1590 492 1664 principalis
539 1595 803 1649 maiorem
871 1595 1134 1651 obtineret
1201 1594 1527 1655 celeritatem
1558 1642 1574 1670 ‚
1637 1606 1872 1680 hincque

180 1679 291 1732 eius
328 1678 601 1748 quantitas
670 1680 774 1751 ipsa
850 1679 901 1733 V
971 1681 1393 1739 diminutionem
1459 1698 1729 1757 pateretur
1796 1706 1869 1748 ex

179 1779 288 1836 quo
331 1776 497 1833 prout
548 1765 660 1818 eius
735 1763 865 1820 αὲἵὶο
933 1766 1184 1824 increscat
1256 1768 1344 1824 vel
1412 1768 1670 1830 decrescat
1698 1816 1716 1843 ,
1779 1778 1868 1832 de·-

175 1848 358 1917 inceps
398 1865 527 1903 cum
578 1862 758 1905 motus
801 1851 864 1905 ad
910 1854 1346 1910 vniformitatem
1390 1856 1549 1913 fuerit
1577 1860 1871 1931 perductus

171 1932 412 1991 celeritas
452 1950 619 2003 aquae
660 1952 757 2009 per
803 1936 995 1992 tubum
1040 1942 1320 2015 propulsae
1363 1940 1577 2000 definiri
1621 1946 1788 2004 debet.

643 2106 1215 2185 Scholion.
1328 2140 1393 2205 3³

376 2253 468 2312 58.
515 2246 784 2302 Omnium
831 2259 1015 2303 autem
1063 2251 1274 2305 virium
1321 2268 1453 2324 quae
1481 2253 1543 2307 ad
1581 2253 1855 2314 machinas

174 2334 442 2402 agitandas
484 2332 715 2386 adhiberi
763 2333 970 2403 solent,
1023 2337 1160 2390 ratio
1226 2339 1298 2390 ita
1366 2339 1436 2391 est
1496 2354 1852 2417 comparata,

173 2430 237 2471 vt
299 2420 432 2471 dum
500 2416 769 2472 obieetum
842 2417 1110 2489 quiescens
1163 2433 1404 2490 vrgent,
1472 2423 1863 2540 celeritateque

175 2514 449 2573 propterea
517 2501 667 2572 nulla
732 2517 896 2572 agunt
938 2542 953 2569 ‚
1030 2506 1328 2559 maximam
1399 2506 1519 2562 vim
1586 2513 1847 2581 exerant,

174 2601 307 2657 quae
352 2585 414 2638 sit
456 2589 590 2643 :F
619 2626 635 2653 ‚
680 2599 801 2640 tum
873 2603 1005 2643 vero
1051 2591 1223 2644 aneta
1279 2590 1544 2646 celeritate
1588 2599 1853 2652 continuo

174 2671 440 2723 minorem
493 2685 705 2725 exerant
769 2675 930 2742 vim,
1000 2677 1323 2748 tandemque
1391 2677 1545 2747 plane
1612 2678 1853 2750 nullam,

170 2770 301 2808 cum
344 2765 490 2812 certa
534 2753 800 2814 celeritate
866 2774 998 2833 quae
1069 2759 1134 2814 fit
1201 2781 1270 2817 z
1297 2778 1345 2818 e2
1391 2778 1545 2832 agere
1611 2764 1856 2818 debeant:

928 2845 977 2904 L
999 2841 1020 2900 l
1069 2861 1098 2913 3
1706 2846 1843 2920 Quia
