2402 3329
456 262 580 317 450
853 235 1350 315 RAssulonm
1436 235 1744 293 Avivm

452 397 670 464 cinior,
712 393 878 451 donec
919 391 982 447 ad
1010 376 1192 444 'finem
1241 387 1368 444 colli
1415 387 1680 441 inferioris
1723 385 1778 438 in
1824 397 1989 438 vnam
2019 401 2148 440 con-

456 483 605 538 fluat.
694 478 827 535 Gula
869 490 923 533 et
957 477 1256 550 principium
1296 474 1427 529 colli
1474 474 1738 526 inferioris
1781 469 1958 524 colore
2007 484 2149 525 tem*

457 581 701 640 porum3
771 566 857 619 sed
923 562 1147 616 maculae
1213 571 1327 627 *tres
1396 557 1580 625 nigrae
1636 559 1813 612 subtus
1857 556 1955 608 basi
1999 555 2152 607 rostri

455 653 849 723 adponuntur,
903 661 1008 700 vna
1056 647 1273 716 reliquis
1325 642 1656 709 insigniore,
1727 638 2153 703 suborbiculari‚

454 749 509 790 et
557 732 752 789 duabus
799 730 1097 787 lateralibus
1154 728 1407 797 oblongis
1436 766 1451 794 ,
1524 726 1840 781 subhastatiS.
1966 723 2152 779 Collum

437 821 674 894 superius
718 819 1037 885 elongatum
1067 848 1082 878 ‚
1130 815 1265 868 laete
1309 814 1606 867 cinereum.
1695 811 1905 874 Dorsum
1958 809 2157 862 coloris

453 904 702 959 eiusdem
734 938 749 965 ,
794 899 1260 952 subrubicundum.
1346 896 1587 963 Remz’ges
1630 897 1695 948 a'd
1752 895 1956 962 viginti
2023 909 2158 964 qua-

461 998 587 1038 tuor
616 1023 632 1049 ‚
680 980 994 1033 concolores
1025 1015 1041 1042 ,
1086 976 1251 1028 latere
1293 976 1566 1027 anteriore
1610 977 1847 1047 superius
1876 978 2159 1043 castaneae,

460 1069 593 1122 adeo
635 1064 826 1116 breues
859 1102 873 1129 ‚
917 1070 980 1112 vt
1025 1058 1221 1113 caudae
1266 1070 1519 1110 exortum
1568 1058 1660 1110 vix
1709 1063 1982 1126 attingant.
2057 1062 2159 1116 Te-

460 1151 651 1208 ft'rices
696 1146 995 1215 remigibus
1034 1140 1216 1197 colore
1261 1141 1646 1212 respondentes
1733 1140 1916 1197 PecZus
1939 1154 1991 1194 et
2012 1143 2162 1197 ahdo-

463 1250 573 1291 men
617 1235 846 1288 cinerea.
964 1226 1188 1297 Inferior
1221 1235 1354 1300 pars
1399 1226 1641 1294 corporis
1682 1228 1744 1281 ad
1788 1228 2018 1282 caudam
2065 1243 2164 1281 ex.

466 1331 701 1376 tremam
745 1330 910 1389 Vsque
951 1313 1194 1369 castanea.
1282 1308 1565 1364 Femoralia
1612 1327 1827 1383 quoque
1856 1313 2167 1380 flauescunt,

465 1406 553 1462 sed
626 1403 761 1473 regio
817 1398 1078 1468 subalaris
1142 1393 1512 1468 pulcherrime
1576 1396 1798 1450 castanea
1830 1438 1845 1464 ,
1895 1395 2167 1471 fasciisque

471 1485 789 1545 transuersis
825 1486 955 1540 atris
980 1525 995 1553 ‚
1040 1479 1315 1537 latioribus
1357 1491 1412 1533 et
1456 1480 1840 1546 angustioribus
1892 1482 2164 1551 eleganter

471 1573 794 1643 interrupta.
885 1568 1096 1642 Dorsum
1123 1606 1137 1633 ‚
1179 1566 1317 1637 quod
1363 1566 1419 1619 in
1467 1565 1734 1635 principio
1759 1564 1959 1618 latescit
1984 1607 1999 1632 ‚
2041 1583 2168 1620 cau-

471 1660 599 1714 dam
644 1657 821 1710 versus
864 1653 1210 1723 angustatur,
1255 1664 1308 1705 et
1352 1648 1559 1718 gibbam
1601 1652 1832 1703 formam
1879 1649 2168 1705 contrahit.

473 1739 686 1801 caudae
729 1748 910 1795 autem
951 1734 1236 1805 <singularis
1276 1733 1555 1803 gallorum
1599 1735 1851 1788 omnium
1893 1733 2039 1787 ratio
2075 1734 2168 1801 est,

476 1824 577 1881 hac
624 1820 837 1876 tanturn
884 1836 1012 1873 cum
1061 1818 1352 1874 differentia
1380 1859 1396 1887 ,
1463 1820 1605 1890 quod
1652 1815 1951 1874 rearicihus
2016 1834 2167 1872 com-

476 1920 710 1984 ponatur
777 1905 1066 1959 duodecim
1095 1945 1111 1972 ,
1180 1903 1443 1972 angulum
1502 1917 1728 1958 acutum
1777 1905 1917 1957 inter
1963 1902 2010 1956 se
2056 1903 2169 1957 for·

479 1991 747 2048 'mantibus
779 2030 793 2056 ,
835 1988 1054 2042 cinereis
1083 2026 1098 2052 ,
1140 1987 1473 2040 intermediis
1516 2000 1743 2053 quatuor
1796 1986 2167 2041 immaculatis

479 2075 704 2146 reliquis
748 2071 891 2140 apice
936 2070 1083 2124 rufis,
1169 2067 1327 2120 Pedes
1386 2068 1664 2131 coccinei,
1723 2065 1872 2118 craffi
1902 2106 1916 2132 ‚
1989 2065 2176 2124 admoss

478 2164 610 2225 dum
658 2153 910 2212 tabellari.
996 2152 1188 2208 Caanr
1232 2152 1460 2205 crassum
1490 2190 1506 2216 ‚
1549 2149 1732 2218 breue,
1774 2149 2172 2211 obtufiffimum

483 2248 540 2302 in
587 2259 762 2311 mare,
806 2239 1080 2295 medietati
1130 2237 1287 2292 tibiae
1333 2236 1582 2309 posterius
1627 2235 1949 2307 adpositum.
2003 2227 2176 2309 Digiti

448 2342 714 2401 ‘quatuor
746 2367 762 2392 ‚
804 2338 909 2380 tres
953 2326 1273 2390 anteriores,
1322 2322 1521 2393 postico
1566 2321 1752 2390 mico,
1792 2319 2040 2392 vnguihus
2086 2324 2199 2376 iri-1

487 2414 718 2470 curuatis
745 2454 761 2481 ‚
802 2425 869 2465 ex
917 2411 1193 2465 incarnato
1236 2409 1420 2464 colore
1465 2403 1652 2473 nigris,

689 2561 909 2638 Habitat
952 2560 1010 2614 in
1055 2557 1254 2626 Pessa:
1300 2555 1360 2609 ab
1405 2552 1870 2611 Excellentiffimo
1894 2553 2174 2613 Guberna-

490 2662 610 2704 tore
652 2661 706 2704 et
747 2647 950 2720 Equite
995 2651 1327 2703 BEKETOW
1372 2637 1740 2698 Astraclianiae
1782 2642 2019 2698 enutrita
2045 2642 2178 2712 auis,

492 2734 646 2790 cuius
685 2749 804 2790 eam
848 2728 1248 2788 munificentiae
1290 2723 1465 2782 debeo,

2043 2905 2175 2964 v11.
