2402 3329
541 227 659 286 5,ιο
986 162 1467 267 'DESCRIPTIO
1529 199 1750 264 Piscis
1830 229 1833 232 -

535 364 732 429 teriore
797 362 1029 418 traetum
1097 359 1522 431 pinguedineum
1591 356 1855 410 sinistrum
1913 352 2216 424 respiciens.

535 443 732 502 Viscus
776 448 877 503 hoc
911 489 925 517 ,
977 447 1120 517 quod·
1159 444 1383 499 Iastium
1433 458 1595 496 vnam
1641 443 1739 496 effe
1783 440 2025 510 comperi
2054 481 2068 507 ,
2143 439 2226 490 la-,

536 533 764 587 titudine
808 534 893 586 sua
938 530 1194 584 inferiora
1221 530 1398 584 versus
1423 527 1608 581 sensim
1637 524 1949 582 decrescebat
1978 564 1994 592 ‚
2038 521 2220 593 ipsius-

531 632 635 690 que
682 618 946 688 margines
990 616 1184 669 leuiter
1228 613 1488 668 attenuati
1533 624 1699 667 erant.

731 746 818 800 Ad
866 754 1036 812 partes
1067 780 1084 809 ,
1146 756 1278 812 quae
1325 740 1537 795 disse-esto
1580 737 1860 792 abdomine
1915 735 2052 791 visui
2121 736 2221 791 sta-

532 827 637 883 tim
686 828 1106 892 sese·obtulere‚
1153 825 1304 879 tubus
1344 821 1657 878 intestinalis
1699 837 1916 893 quoque
1962 821 2226 894 pertinet,

532 913 686 964 iuxta
759 910 893 962 latus
959 914 1212 962 dextrum
1285 908 1431 958 redto
1498 908 1689 958 itinere
1741 908 1802 958 ad
1845 922 2010 959 anum
2057 919 2221 977 vsque

531 996 828 1048 decurrens.
922 987 1161 1043 Emerfit
1205 987 1273 1039 sc.
1318 987 1403 1039 hic
1450 988 1583 1038 infra
1629 986 1829 1039 lienem
1873 991 2223 1058 superiorem,

533 1089 588 1131 et
635 1090 747 1130 tam
788 1077 942 1145 snpra
987 1086 1152 1143 quam
1204 1069 1335 1136 infra
1384 1072 1616 1124 tractum
1664 1066 1757 1122 fibi
1802 1086 2076 1125 annexum
2132 1071 2227 1124 ha-

531 1162 654 1220 buit
723 1161 1188 1231 pinguedineum‚·
1255 1157 1496 1226 superior
1565 1152 1764 1206 horum
1836 1155 1979 1207 circa
2026 1156 2226 1209 costam

531 1244 858 1315 vigesimam
889 1257 1132 1316 quartam
1161 1284 1176 1310 ‚
1224 1244 1475 1311 proxime
1520 1240 1828 1294 inferiorem
1860 1279 1878 1307 ,
1920 1238 2230 1308 finiebatur,

533 1329 622 1397 hic
666 1342 846 1384 autem
894 1330 1132 1382 auersam
1175 1327 1405 1380 intestini
1454 1337 1659 1397 partem
1693 1364 1708 1391 ,
1773 1326 1838 1378 ad
1909 1341 2074 1380 anum
2141 1342 2228 1382 vs-

533 1432 638 1487 que
664 1458 680 1487 ,
726 1416 1027 1470 inuestiebat
1062 1454 1077 1481 ,
1118 1412 1326 1467 aduersa
1374 1410 1526 1483 plane
1570 1410 1711 1462 nuda
1755 1409 1953 1465 relista.

732 1541 982 1599 Remotis
1024 1537 1199 1609 dextri
1247 1536 1427 1590 lateris
1470 1535 1885 1606 appendicibus,
1930 1534 2230 1610 leuiterque

534 1624 748 1682 eleuato
794 1625 933 1678 liene
981 1624 1221 1696 primum
1268 1622 1447 1688 dieto,
1521 1638 1686 1690 quem
1736 1622 1979 1675 medium
2025 1637 2229 1675 nuncu-

535 1711 711 1782 pab0,
779 1724 915 1762 mox
972 1711 1026 1762 in
1091 1705 1431 1773 conspestum
1512 1706 1756 1757 veniebat
1820 1706 2012 1757 tertius
2078 1703 2264 1774 lien„

534 1793 667 1847 huic
696 1834 711 1861 ‚
763 1792 863 1846 fitu
911 1794 1052 1846 inter
1097 1800 1339 1860 quartam
1385 1798 1440 1840 et
1480 1787 1749 1840 decimam
1795 1789 1991 1841 costam
2023 1828 2038 1854 ,
2105 1805 2228 1857 con-

537 1879 720 1949 tiguus
751 1920 765 1945 ‚
821 1895 845 1929 1
902 1876 1030 1948 poll.
1080 1892 1118 1939 4
1165 1874 1261 1928 lin.
1307 1867 1539 1940 longina,
1605 1889 1644 1936 4
1684 1870 1775 1924 lin.
1824 1875 1877 1924 in
1926 1873 2105 1926 medio
2150 1872 2229 1927 la-

536 1975 620 2017 tus
655 2003 671 2029 ‚
780 1975 941 2026 gurae
988 1961 1168 2028 itaque
1213 1956 1370 2008 valde
1410 1954 1671 2028 oblongae
1727 1955 1818 2009 vel
1887 1952 2221 2012 lanceolatae.

538 2044 860 2115 Superficies
901 2042 1061 2114 ipsius
1105 2039 1346 2111 superior
1392 2037 1715 2087 subconuexa
1757 2050 1867 2090 erat
1901 2082 1916 2107 ‚
1986 2039 2229 2111 nuliique

538 2129 775 2203 partium
826 2126 1177 2182 adiacentium
1222 2119 1528 2176 adhaerebat
1565 2159 1580 2185 ‚
1647 2120 1872 2188 superne
1925 2127 2228 2194 appendici-

523 2217 632 2270 ¹bus
661 2255 676 2282 ,
722 2216 923 2267 inferne
969 2201 1332 2265 medio'liene
1362 2247 1377 2274 ,
1429 2205 1628 2260 obtesta
1656 2245 1671 2271 ,
1740 2205 1958 2261 inferior
2001 2221 2181 2264 autem
2213 2252 2230 2280 ,

537 2301 578 2357 fi
625 2301 996 2354 summitatem
1043 2299 1155 2352 eius
1197 2293 1428 2348 omnino
1467 2290 1691 2344 liberam
1738 2294 2047 2362 except-riS,
2098 2313 2228 2351 cum

538 2384 866 2458 pinguedine
908 2382 1149 2437 substrata
1176 2375 2059 2452 appendicibusque>subiacentibus
2084 2383 2231 2436 atsto

538 2486 680 2524 nexu
723 2481 834 2524 erat
877 2466 1174 2522 coniuncta.
1275 2463 1390 2534 Ipse
1435 2469 1612 2514 autem
1662 2457 1749 2513 hic
1794 2460 1902 2515 lien
1949 2466 2066 2518 vase
2112 2485 2230 2521 me-

539 2557 717 2610 diante
758 2554 1080 2621 sanguineo,
1127 2566 1252 2605 cum
1299 2545 1474 2599 medio
1518 2541 1845 2601 cohaerebat.
1949 2548 2227 2605 Videmus

539 2641 759 2711 itaque,
828 2652 930 2692 tres
992 2636 1257 2692 distindtos
1302 2630 1426 2683 huic
1472 2630 1597 2699 pisci
1637 2645 1666 2682 a
1712 2642 1898 2684 natura
1941 2634 2088 2693 datos
2130 2635 2228 2690 effe

540 2725 702 2778 lienes
730 2767 745 2792 ‚
791 2724 969 2778 variae
1018 2715 1400 2789 magnitudinis
1447 2729 1502 2766 ac
1535 2716 1792 2783 rformae3
1836 2717 1888 2771 id
1931 2722 2074 2790 quod
2119 2721 2228 2776 fin-

542 2791 726 2880 giilare
771 2808 1002 2874 omnino
1044 2819 1100 2862 et
1142 2812 1328 2860 notatu
1373 2799 1746 2869 dignissimum
1788 2804 1873 2859 est.
1962 2805 2061 2865 Sed
2103 2806 2223 2881 plur

2160 2901 2218 2945 Ia
