2402 3329
476 227 932 291 CYPRINI
1018 230 1571 295 RVTVLIetc.
1757 250 1866 302 501

194 383 551 456 pneumaticus
604 383 656 434 in
703 383 967 452 posticum
1013 380 1295 453 oesophagi
1355 382 1490 436 latus
1524 425 1538 451 ‚
1614 386 1868 456 proxime

190 474 251 524 ad
289 469 631 540 diaphragma
662 506 676 531 ‚
722 468 970 521 inseritur
999 508 1014 534 ,
1060 485 1115 523 ac
1178 466 1390 522 orificio
1455 469 1546 523 suo
1610 474 1667 524 ad
1736 473 1871 525 imas

190 555 360 607 fauces
428 553 550 606 hiat.
641 551 799 621 Hoc,
867 555 1049 624 primo
1115 554 1330 624 quidem
1401 555 1687 623 αόΐρεᾶιι,
1754 558 1870 610 satis

187 636 441 707 largum,
485 652 663 689 aerem
709 651 886 690 tamen
942 654 1011 691 ex
1082 637 1380 707 oesophago
1447 639 1694 692 afflatum
1763 656 1868 693 non

187 722 469 790 admittit,
513 721 638 774 licet
683 738 808 777 eum
839 765 852 790 ‚
897 739 964 776 ex
1010 724 1121 793 ipso
1170 723 1332 777 duetu
1381 725 1681 793 impulsum
1709 765 1722 792 ,
1787 724 1874 778 sub

188 804 454 860 bullarum
502 808 674 860 forma
740 808 893 863 facile
956 810 1179 864 eructet.
1289 808 1452 862 Recte
1518 823 1744 877 autem,
1809 809 1873 861 ad

185 892 393 944 aditum
441 894 593 959 aeri,
636 909 794 963 aquae
840 892 931 945 vel
988 894 1117 946 cibis
1189 892 1687 963 praecludendum,
1758 894 1876 946 satis

183 975 341 1029 denso
382 993 437 1031 ac
485 976 764 1029 valtxuloso
811 977 1119 1045 lacunisque
1175 977 1343 1028 variis
1415 978 1738 1046 imperuim,
1809 979 1876 1034 ad

186 1059 312 1113 duas
357 1076 524 1131 Vsque
570 1060 735 1112 lineas·
779 1057 1004 1112 extensis
1034 1100 1048 1128 ‚
1089 1071 1311 1113 cautum
1358 1059 1442 1113 est.

386 1210 567 1264 Lac‘tes
611 1208 764 1263 valde
811 1223 1009 1263 tenues.
1118 1210 1335 1264 Renum
1386 1209 1573 1280 potior
1622 1226 1734 1280 pars
1783 1212 1875 1266 sub

191 1291 448 1361 thorace,
495 1295 576 1348 seu
624 1305 784 1364 caput
834 1295 972 1346 inter
1037 1307 1095 1345 ac
1161 1291 1455 1363 apophysm
1529 1297 1718 1362 istam,
1785 1297 1874 1351 cui

189 1379 399 1431 anticus
443 1377 640 1431 vesicae
707 1393 880 1430 aereae
947 1389 1183 1442 venter,
1251 1376 1533 1446 ligamenti
1603 1380 1875 1435 fortissimi

187 1478 286 1532 ope
314 1502 328 1529 ,
372 1461 709 1526 anneffitur,
783 1460 874 1513 sita
919 1461 1033 1530 est3
1076 1463 1209 1514 infra
1284 1463 1385 1518 hoc
1446 1464 1612 1519 iidem
1661 1463 1876 1519 latiores

183 1546 347 1613 flesti,
401 1557 452 1599 et
497 1547 634 1600 circa
707 1545 1007 1600 abdominis
1074 1545 1313 1603 medium
1382 1548 1437 1601 in
1510 1549 1876 1605 monticulum

107 1635 111 1641 '
181 1628 324 1699 quasi
370 1629 564 1686 eleuati
613 1631 731 1684 sunt
760 1672 775 1699 ,
821 1633 940 1684 inde
982 1650 1114 1687 vero
1157 1631 1219 1684 ad
1268 1635 1503 1707 ipsorum
1552 1637 1877 1689 extremita-

181 1726 291 1766 tem
335 1730 500 1786 vsque
530 1757 545 1784 ‚
587 1714 785 1771 veficae
827 1718 1094 1773 vrinariae
1159 1719 1326 1773 fundo
1393 1718 1706 1786 contiguam
1742 1760 1758 1788 ,
1819 1721 1876 1774 in

177 1799 444 1865 angustius
515 1800 702 1856 senfim
769 1815 981 1858 coeunt.
1098 1800 1295 1858 Vesica
1367 1806 1607 1859 vrinaria
1672 1815 1830 1861 ouata
1862 1843 1885 1875 ,.

177 1881 394 1940 vrethra
437 1885 799 1963 amplissima,
845 1899 1060 1960 patente
1107 1888 1386 1946 instructa.

1553 2140 1695 2198 Poll.
1742 2139 1869 2199 Lin.

1634 2229 1793 2301 paris.

184 2304 489 2374 Longitudo
544 2315 689 2376 tota,
742 2305 846 2361 scil.
888 2308 952 2363 ab
997 2309 1105 2364 oris
1171 2319 1421 2368 extremo
1486 2315 1547 2369 ad

265 2393 436 2460 apices
482 2392 752 2447 radiorum
803 2395 994 2464 pinnae
1020 2395 1208 2449 caudae
1234 2393 1691 2466 longiorum21‘.2¹
1767 2414 1818 2474 3:

182 2473 269 2529 Ab
310 2477 418 2529 oris
460 2490 706 2533 extremo
749 2478 812 2532 ad
858 2483 1258 2536 extremitatem
1303 2486 1545 2557 corporis

265 2560 590 2630 squamosam
715 2593 743 2605 -
872 2591 893 2607 ο
1022 2592 1045 2602 -
1173 2597 1195 2604 -
1344 2597 1372 2608 -
1453 2620 1455 2622 .
1516 2599 1542 2610 -
1588 2585 1678 2623 11.
1750 2585 1838 2624 10.

182 2672 321 2683 ·—-
365 2676 498 2686 ———-
547 2650 770 2705 --ad
819 2649 959 2704 oculi
1007 2652 1248 2706 medium
1373 2684 1395 2691 -
1523 2684 1545 2692 -
1606 2673 1652 2708 1.
1780 2653 1821 2718 ξ.

183 2755 321 2765 —-—-
371 2761 508 2772 —-—-
547 2736 767 2792 ——ad
796 2736 1100 2805 marginem
1125 2754 1299 2812 opere.
1325 2737 1538 2796 branch.

855 2821 1121 2893 posticum
1242 2856 1268 2864 -
1374 2854 1402 2865 -
1515 2854 1540 2865 -
1604 2840 1653 2876 2.
1745 2837 1839 2872 11..

883 2906 1039 2963 Rrr
1087 2926 1144 2975 3*
1396 2896 1399 2898 ’
1786 2905 1878 2960 Ab
