2402 3329
722 210 876 280 ”garg
916 210 937 275 (
982 224 1017 262 0
1064 212 1084 278 )
1125 209 1278 276 (ἔξω
1764 226 1839 275 3³

169 361 436 419 doetrinae
481 377 760 435 exponere.
804 362 1052 414 Primum
1099 357 1269 427 igitur
1298 355 1572 430 problema
1597 357 1844 427 generale

169 453 317 502 cuius
363 447 679 503 solutionem
728 445 842 499 heic
886 448 1051 498 adfert
1099 444 1264 498 illust.
1332 441 1548 496 Auctor
1616 446 1686 495 ita
1749 458 1846 494 ex-

168 535 471 603 primitur:
516 531 569 586 Si
596 533 748 599 filum
787 531 884 594 ftue
922 528 1144 601 perfet‘le
1196 528 1377 597 flexile
1423 527 1533 598 stuc
1597 525 1846 592 elusticum

168 629 220 669 ec
266 618 315 669 in
338 618 536 686 fingulis
575 616 774 687 punchs
821 633 854 667 α
895 613 1097 667 viribus
1122 613 1482 683 quibuscunque
1524 611 1848 677 summitatum

170 699 442 767 adflatum
467 694 744 771 aequilibrii
758 698 922 767 fuerit
944 696 1262 767 perdchum,
1278 707 1371 766 pro
1383 695 1593 765 flngulis
1618 697 1722 749 eius
1746 695 1848 748 ele-

168 787 349 837 mentis
377 827 390 852 ,
414 786 614 855 statum
639 783 747 852 fiue
794 781 1013 846 tenfiom‘s
1070 779 1167 840 flue
1210 778 1487 846 irfiexiom's
1533 779 1844 848 inuestigare.

169 870 390 921 Tradita
434 886 564 922 vero
611 867 874 920 solutione
921 864 1083 915 huius
1131 863 1472 933 problematis
1516 863 1626 915 eius
1671 861 1849 932 appli-

170 958 313 1006 catio
353 953 414 1006 fit
441 998 454 1019 ‚
493 955 553 1006 ad
597 944 1005 1021 quatuorcal'us
1051 946 1294 1017 speciales
1326 988 1340 1013 ‚
1382 946 1603 1000 filorum
1651 947 1850 1000 scilicet

172 1036 491 1090 flexibilium
538 1079 553 1104 ‚
623 1036 972 1089 vniformiter
1043 1032 1376 1085 clasticorum
1421 1072 1435 1097 ‚
1505 1030 1853 1101 inaequaliter

173 1121 504 1175 elasticorum
552 1119 637 1172 vel
682 1121 907 1185 denique
953 1116 1214 1168 eiusmodi
1263 1114 1490 1167 filorum
1515 1115 1849 1168 elasticorum

173 1220 307 1275 quae
350 1207 404 1257 in
454 1205 581 1256 statu
628 1203 718 1253 suo
765 1198 994 1251 naturali
1040 1201 1217 1249 datam
1263 1197 1851 1252 habenteuruatuiam.

175 1279 387 1343 Deinde
433 1299 492 1337 vt
542 1283 735 1335 melius
778 1276 1152 1347 intelligantur
1198 1292 1470 1350 praecepta
1538 1281 1856 1348 generaliter

177 1371 407 1433 tradita,
448 1366 734 1437 applicatio
778 1380 990 1435 quoque
1053 1365 1182 1417 facta
1251 1365 1324 1418 est
1391 1365 1456 1418 ad
1528 1365 1856 1434 problemata

171 1452 555 1525 particularia,
622 1449 815 1503 scilicet
859 1450 920 1500 ad
968 1447 1246 1502 solutiones
1321 1448 1718 1518 problematum
1791 1451 1855 1504 de

171 1538 503 1593 inueniendis
544 1535 722 1588 curuis
762 1534 1027 1587 catenaria
1056 1573 1070 1598 ‚
1116 1531 1312 1586 velaria
1359 1545 1414 1584 et
1457 1534 1678 1601 elastica,
1722 1549 1855 1603 qua-

170 1639 295 1676 rum
339 1623 552 1694 quidem
602 1621 806 1690 priores
848 1619 989 1673 inter
1035 1620 1081 1671 se
1149 1618 1525 1682 conueniunt,
1593 1620 1678 1672 vti
1746 1620 1856 1671 iam

168 1709 370 1762 dudum
418 1708 488 1761 est
531 1705 885 1759 obseruatum.
973 1701 1229 1757 Alterum
1278 1702 1555 1772 problema
1608 1702 1855 1772 generale

174 1791 292 1846 heic
338 1792 717 1862 pertrac‘tatum
763 1793 968 1859 sequens
1011 1790 1119 1843 est:
1173 1785 1239 1840 Si
1290 1786 1444 1851 filum
1494 1787 1601 1851 litte
1637 1786 1858 1859 perfeffl'e

151 1875 338 1947 flexile
366 1875 477 1947 siue
519 1872 766 1942 elasticum
803 1886 955 1945 atque
998 1874 1048 1926 in
1084 1871 1303 1943 stngulis
1341 1870 1540 1942 pundlis
1582 1889 1616 1924 a
1659 1871 1860 1925 viribus·

172 1960 532 2030 quibuscunque
591 1959 903 2024 sollicitatum
969 1959 1217 2027 vtczmque'
1258 1967 1519 2012 moueatur
1540 1998 1557 2030 ,
1609 1955 1861 2031 principia

176 2054 418 2115 exponere
457 2060 523 2097 ex
561 2045 740 2114 quibus
784 2043 910 2097 hunc
954 2054 1133 2098 motum
1172 2041 1375 2107 diffinire
1415 2040 1593 2105 liceat,
1625 2041 1858 2114 suppofito

179 2128 306 2194 quoi
370 2139 504 2188 totus
561 2139 721 2179 motus
776 2126 971 2195 semper
1010 2129 1062 2179 in
1128 2126 1289 2179 eodem
1347 2124 1492 2194 plano
1556 2125 1856 2192 absoluatur.

183 2210 361 2263 Huius
405 2222 585 2261 autem
656 2206 1002 2279 problematis
1067 2208 1262 2261 solutio
1324 2223 1390 2260 eo
1463 2208 1633 2275 magis
1694 2211 1860 2263 ardua

178 2292 431 2346 censenda
475 2291 546 2343 est
578 2330 591 2354 ‚
658 2292 798 2360 quod
847 2291 1132 2361 pleraeque
1196 2291 1509 2361 quantitates
1579 2290 1863 2343 variabiles

181 2388 299 2428 eam
348 2375 701 2443 ingredientes
734 2413 749 2439 ‚
797 2386 858 2427 vt
899 2375 1194 2429 functiones
1237 2375 1465 2427 duarum
1515 2374 1859 2429 variabilium

178 2459 397 2529 spectari
441 2459 672 2514 debeant.
717 2459 792 2511 At
838 2461 1127 2513 commode
1177 2473 1357 2514 tamen
1406 2456 1512 2526 fit,
1557 2472 1618 2514 vt
1666 2460 1865 2515 solutio

183 2543 342 2595 huius
388 2541 728 2614 problematis
770 2541 835 2596 ad
877 2561 999 2596 eam
1045 2544 1239 2614 prioris
1284 2541 1462 2597 reduci
1509 2545 1862 2613 queanPau-

184 2627 386 2681 ciffima
434 2629 661 2690 omnino
705 2628 822 2681 sunt
870 2627 1194 2698 problemata
1224 2670 1238 2690 ,
1286 2644 1520 2699 quorum
1566 2627 1761 2682 solutio
1795 2633 1861 2687 ad

184 2711 488 2765 huiusmodi
536 2725 749 2767 motum
793 2714 1063 2769 reducitur
1094 2755 1107 2781 ‚
1163 2713 1306 2767 inter
1350 2729 1406 2765 ea
1452 2730 1582 2768 vero
1624 2717 1859 2783 praepri-

183 2797 292 2851 mis
337 2795 677 2853 memorabile
727 2800 982 2870 videtur,
1049 2800 1102 2855 id
1169 2800 1232 2853 de
1301 2811 1457 2853 motu
1529 2796 1861 2854 oscillatorio

267 2881 430 2937 Tdm,
444 2879 568 2940 XV.
583 2880 730 2942 Nou.
744 2881 960 2942 Comm.
1228 2898 1261 2938 e
1673 2886 1861 2940 corda·
