2402 3329
473 199 589 256 206
790 192 898 248 DE
945 187 1210 248 CVRVA
1258 178 1853 245 RECT1F1CA131L1=

469 345 556 399 seu
606 346 765 401 ambo
819 345 952 399 radii
1002 343 1062 399 M
1091 341 1160 410 O,
1205 357 1305 396 mo
1367 337 1710 404 coincident‚
1779 329 1981 389 scilicet
2051 323 2160 398 ipfii

470 444 636 483 curua
680 431 822 485 circa
866 430 1198 483 elementum
1246 424 1349 482 Oo
1392 425 1494 476 erit
1537 421 1776 477 circulus
1846 414 2160 482 maximus,

472 517 565 588 qui
608 514 717 585 ipse
764 513 856 567 sibi
900 512 968 565 est
1013 525 1230 578 tangens
1275 501 1334 562 in‘
1372 507 1591 574 singulis
1637 503 1865 577 punitis.

673 636 840 692 XIX.
888 635 1052 692 Nunc
1095 628 1241 692 facile
1283 635 1389 691 erit
1433 648 1626 688 curuae
1675 647 1770 704 per
1794 629 2167 684 euolutionem

477 722 763 795 descriptae
807 722 1138 778 elementum
1188 722 1257 776 M
1285 739 1332 775 m
1380 719 1693 793 exprimere
1726 756 1742 786 ,
1785 731 1961 782 quum
2018 713 2168 768 enim

475 808 580 864 hoc
643 806 976 863 elementum
1050 826 1142 881 per
1219 808 1396 863 sinum
1466 819 1621 859 arcus
1691 802 1831 858 ΜΟ
1890 799 2174 865 diuisum,

476 893 719 968 praebeat
774 894 1036 962 angulum
1112 896 1171 949 M
1206 911 1232 948 o
1256 910 1349 962 m,
1396 894 1463 947 ob
1501 887 1555 945 O
1586 889 1645 944 Μ
1671 908 1740 943 Ξ
1765 905 1793 942 s
1863 884 2171 951 habebimus

477 980 813 1033 elementum
862 969 1289 1081 Mmztssjgffmj
1385 977 1650 1051 Quocirca
1715 971 1756 1025 fi
1821 987 1966 1024 nuuc
2041 985 2171 1039 pro-

475 1073 651 1129 blema
733 1074 977 1127 nostrum
1061 1072 1198 1124 circi
1261 1068 1707 1122 notificationem
1775 1084 1970 1121 curuae
2038 1065 2176 1121 ΒΜ

477 1156 856 1226 adgrediamur
891 1198 907 1225 ‚
973 1154 1165 1210 relatio
1227 1155 1366 1208 i'nter
1437 1153 1580 1207 binas
1650 1151 1934 1208 variabiles
1978 1167 2009 1206 r
2050 1163 2105 1205 et
2149 1163 2176 1204 s

481 1243 604 1299 talis
648 1241 746 1297 esse
790 1240 985 1310 debet,
1029 1254 1092 1294 vt
1131 1241 1367 1296 formula
1406 1227 1593 1320 ῗαζιῗῗῇ
1634 1238 1730 1294 fiat
1786 1238 2019 1294 absolute
2088 1237 2182 1290 in·

480 1334 769 1403 tegrabiliS.
856 1335 1130 1388 Praeterea
1180 1349 1311 1387 vero
1377 1311 1510 1406 quiri³
1572 1335 1703 1389 haec
1776 1350 1945 1388 curua
2012 1328 2181 1387 simul

483 1418 585 1475 effe
636 1420 784 1476 debet
853 1417 1141 1488 algebraica
1214 1419 1308 1473 vel
1378 1424 1711 1488 geometrice
1783 1419 2181 1486 coiistruibili5‚

485 1507 668 1577 primo
717 1504 1016 1574 requiritur
1061 1515 1124 1557 vt
1173 1502 1280 1575 ipsti
1323 1517 1488 1562 curua
1533 1505 1578 1562 C
1606 1505 1658 1560 Ο
1724 1502 1790 1558 fit
1856 1506 2183 1576 geometrica

482 1589 674 1645 deinde
719 1605 852 1643 vero
896 1589 1021 1660 quia
1066 1603 1218 1643 arcus
1283 1590 1343 1645 Μ
1373 1593 1425 1648 O
1453 1612 1519 1647 z
1546 1590 1591 1647 C
1615 1587 1671 1645 O
1701 1628 1717 1656 ‚
1780 1606 1948 1645 curua
2015 1588 2061 1645 C
2086 1590 2139 1644 O
2168 1626 2186 1658 ‚

487 1676 563 1730 ita
606 1674 758 1729 debet
798 1672 897 1728 effe
939 1686 1247 1746 comparata
1293 1690 1354 1731 vt
1399 1678 1622 1733 cuilibet
1668 1675 1783 1732 eius
1828 1676 1978 1732 arcui
2026 1675 2071 1731 C
2098 1676 2186 1747 O,

491 1774 683 1814 arcum
731 1757 926 1817 circuli
973 1759 1246 1833 aequalem
1290 1764 1619 1834 geometrice
1664 1761 1912 1832 assignare
1960 1762 2134 1817 liceat.

688 1886 827 1940 XX.
874 1884 976 1939 Hic
1042 1889 1274 1944 omnino
1330 1901 1516 1943 notatu
1564 1889 1794 1956 dignuin
1867 1888 1981 1952 est,
2047 1883 2188 1952 quod

496 1985 600 2043 pro
686 1968 956 2025 elemento
1045 1969 1190 2024 Mm
1218 2012 1234 2039 ‚
1323 1983 1434 2026 tam
1511 1970 1820 2044 simplicem
1887 1966 2183 2025 formulam

493 2055 845 2109 elicuerimus
876 2093 892 2121 ‚
934 2055 998 2108 de
1038 2071 1142 2124 qua
1188 2055 1448 2109 facillime
1514 2058 1747 2110 iudicare
1815 2055 1944 2109 licet
1980 2092 1997 2118 ‚
2072 2051 2194 2121 qui·

496 2136 589 2193 bus
652 2137 848 2191 casibus
915 2152 971 2190 ea
1037 2137 1368 2205 integrabilis
1434 2139 1662 2205 euadat,
1717 2148 1875 2209 atque
1920 2138 2048 2190 adeo
2094 2135 2195 2188 sta-

496 2224 602 2279 tim
649 2223 702 2276 in
748 2219 934 2277 oculos
978 2223 1204 2277 incurrit
1250 2220 1290 2277 sl
1354 2224 1533 2277 radius
1601 2221 1766 2276 osculi
1835 2218 1963 2277 OR
2028 2220 2192 2278 fuerit

497 2307 776 2375 constariS,
846 2319 973 2377 puta
1046 2324 1075 2362 r
1107 2324 1172 2359 z:
1200 2324 1260 2373 c,
1315 2319 1439 2361 tum
1487 2322 1713 2361 curuam
1763 2306 1908 2363 ΒΜ
1958 2305 2191 2363 absolute.

494 2397 606 2452 sore
651 2391 1061 2462 integrabilem,
1102 2392 1206 2447 erit
1247 2390 1397 2447 enim
1441 2407 1591 2447 arcus

632 2482 1183 2549 ΒΜ-Μςῡω-
1115 2542 1184 2552 ,-
1317 2487 1413 2528 ‘ms-³
1482 2491 1686 2563 ÷c‚

903 2544 1022 2587 lang.
1043 2550 1063 2576 c
1208 2526 1369 2578 —Tan
1351 2553 1410 2589 n.g
1434 2552 1456 2577 c

503 2622 595 2678 'vbi
640 2622 680 2678 fi
725 2621 1049 2678 constantem
1090 2618 1166 2674 ita
1219 2619 1543 2675 definiamus
1571 2657 1587 2683 ,
1653 2629 1718 2674 vt
1788 2619 2072 2693 descriptio
2135 2618 2194 2674 in

506 2709 620 2778 ipso
664 2709 869 2779 puncto
910 2704 956 2761 C
997 2705 1293 2775 incoeperit
1337 2702 1427 2756 vbi
1474 2720 1501 2757 s
1526 2721 1598 2758 z
1624 2724 1694 2777 ο,
1735 2705 1810 2761 ita
1835 2721 1896 2763 vt
1919 2704 2195 2782 punstum

506 2790 556 2850 B
600 2792 658 2846 in
696 2789 741 2848 C
784 2790 982 2848 incidat
1008 2830 1025 2862 ,
1066 2801 1188 2844 tum
1233 2788 1338 2846 erit
1378 2802 1535 2845 arcus
2114 2867 2188 2928 M

2037 2873 2087 2932 B
