2402 3329
460 262 584 322 332
1010 242 1165 300 DE
1252 235 1607 299 MOTV

451 411 708 476 operatur
752 415 783 453 u
828 398 888 453 ab
941 412 999 452 ea
1026 434 1044 462 ‚
1106 396 1371 466 quantitas
1440 409 1602 469 aquae
1648 384 1873 462 singulis
1921 380 2146 439 minutis

456 488 694 547 secundis
736 485 941 541 eleuata
982 481 1084 536 erit

910 590 1103 644 ³2-Vu

910 648 970 672 επ
1127 683 1217 691 *-

592 698 1142 770 α-ῐ-α-ἢ-δὸ-ἢ-ἐὲὃ-
1167 686 1396 799 (λξῧῑὲ

463 845 598 904 quae
663 845 692 883 a
760 828 1102 898 praecedente
1170 828 1268 881 vix
1309 828 1505 883 differt.
1617 822 1756 877 Hinc
1825 815 2155 883 intelligitur

381 920 386 925 “
464 919 676 984 semper
719 913 971 981 expedire
1026 911 1359 965 celeritatem
1401 930 1428 965 c
1470 926 1633 980 quarn
1683 906 1975 960 minimam
2007 901 2158 955 statui

464 1002 611 1067 quod
655 997 767 1046 iam
818 1008 919 1058 pro
963 991 1136 1041 lubitu
1183 991 1299 1041 fieri
1349 994 1515 1058 potest
1546 1030 1561 1055 ,
1628 991 1749 1044 inde
1814 990 1964 1043 enim
2037 999 2159 1041 am-

467 1078 689 1153 plitudo
734 1071 1028 1127 antii-arum
1079 1072 1154 1124 ita
1196 1070 1493 1140 definitur,
1536 1081 1597 1125 vt
1641 1070 1708 1123 fit

582 1189 726 1267 ff:
978 1186 1168 1236 —w

733 1263 1449 1384 a-a—H—eso-i-w-*ggc-c‘

367 1418 369 1420 ’
469 1436 640 1496 quare
683 1418 891 1486 semper
934 1412 1186 1468 conducit
1231 1414 1359 1483 ipsas
1405 1414 1596 1470 antlias
1638 1413 1987 1485 ampliffimas
2034 1429 2169 1468 con-

470 1509 568 1564 fici
613 1519 672 1561 vt
720 1501 841 1555 inde
889 1498 1128 1553 celeritas
1172 1516 1199 1552 c
1244 1515 1308 1551 eo
1354 1500 1536 1555 minor
1578 1502 1806 1555 euadat:
1862 1514 1980 1554 tum
2030 1515 2167 1552 vero

476 1591 712 1650 altitudo
757 1586 1047 1641 antliarum
1093 1582 1126 1638 b
1173 1599 1265 1656 per
1309 1583 1706 1654 elongationem
1752 1585 2059 1640 cubitorum
2105 1582 2170 1635 ab

479 1695 579 1734 axe
620 1673 1038 1738 determinatur,
1082 1686 1205 1724 cum
1237 1669 1302 1725 fit
1343 1667 1495 1727 bza
1520 1670 1657 1744 PG,
1700 1673 1751 1728 id
1780 1671 1920 1745 quod
1945 1667 2176 1726 arbitrio

481 1763 662 1820 nostro
703 1757 1066 1832 permittitur.

901 2008 1466 2100 CAPVT
1578 2011 1690 2098 V·

1263 2189 1398 2246 DE

483 2315 755 2389 MOTV
828 2307 1144 2405 AQVAE
1210 2308 1371 2379 PER
1441 2307 1732 2379 Tvssos
1795 2307 2180 2381 DlvERso

685 2413 1068 2486 CALORIS
1140 2413 1452 2485 GRADV
1508 2412 1981 2486 INFECTos.

917 2587 1503 2669 Problema
1574 2545 1733 2668 *61.

709 2770 840 2819 124.
889 2749 1040 2806 Dato
1083 2748 1274 2802 caloris
1313 2747 1478 2816 gradu
1520 2748 1574 2801 in
1620 2747 1842 2819 fingulis
1895 2749 2006 2805 tubi
2056 2748 2189 2809 locis

227 2829 343 2961 ’ἕξ
366 2829 460 2955 όζῑ·
496 2849 659 2911 quem
707 2838 884 2895 statim
937 2851 1067 2893 cum
1137 2847 1271 2906 aqua
1337 2833 1410 2890 ibi
1474 2848 1720 2892 contenta
1787 2833 2188 2895 communicari

323 2931 332 2940 ’
421 2927 432 2938 ’
1964 2919 2183 2978 assumi-
