2402 3329
433 244 512 284 22
962 224 1119 298 »3³:ss
1160 227 1181 294 (
1225 243 1263 287 0
1307 220 1328 302 )
1371 223 1528 296 &323⁴-

629 375 822 452 Quum
886 374 950 429 de
1016 374 1218 434 Illustr.
1305 375 1649 433 Marchionis‘
1716 371 1781 430 de
1846 371 2122 432 Condorcet

428 462 596 520 Libro
653 459 808 531 aliter
847 461 998 516 nobis
1046 479 1155 519 non
1199 462 1400 519 constet
1427 502 1443 531 ,
1508 459 1605 517 nifi
1650 474 1723 514 ex
1788 463 1952 514 modo
2008 477 2123 516 me-

429 560 636 602 morata
682 545 910 600 Historia
976 547 1140 605 Acad.
1208 546 1508 612 Parifinae,
1576 546 1827 612 ignotum
1894 546 2126 600 omnino

426 633 577 687 nobis
659 630 732 683 est
827 630 886 682 in
963 645 1072 697 quo
1144 629 1539 700 disquisitiones
1603 626 1766 680 nostri
1824 628 2126 698 Αυᾶοτίε,

423 732 552 770 cum
637 712 746 766 illis
823 710 1027 768 Illustr.
1109 710 1456 768 Marchionis
1525 711 1814 765 conuenire
1884 725 2127 783 queant,

423 798 531 854 hoc
618 808 800 851 tamen
884 810 954 849 ex
1041 796 1134 852 ista
1220 798 1520 853 recensione
1611 797 1903 851 didicimus
1981 796 2126 852 nihil

422 883 486 940 ab
529 881 702 937 Illust·
747 878 944 934 Comite
988 883 1052 936 de
1093 882 1327 938 criteriis
1375 882 1808 953 integrabilitatis
1859 880 2125 936 formula-

424 981 555 1020 rum
605 962 1005 1038 duplicatarum
1037 1008 1054 1034 ‚
1103 966 1501 1039 triplicatarum
1549 965 1640 1022 vel
1683 965 1944 1020 altiorum
1991 966 2140 1021 allas

431 1063 558 1106 tum
604 1049 790 1126 fuitse,
835 1051 973 1103 vnde
1012 1051 1056 1106 fi
1100 1050 1235 1106 haec
1280 1052 1569 1108 dissertatio
1613 1050 1754 1104 nihil
1796 1049 1943 1104 aliud
1991 1052 2126 1106 noui

423 1134 755 1196 contineret,
797 1129 983 1184 saltem
1029 1147 1096 1185 eo
1141 1133 1361 1187 nomine
1399 1135 1778 1187 commendari
1806 1147 2128 1206 mereretur,

424 1218 571 1289 quod
643 1212 834 1268 modus
900 1213 1212 1269 inueniendi
1281 1218 1492 1270 criteria
1538 1215 1972 1284 integrabilitatis
2014 1218 2126 1273 fot·

424 1299 706 1356 mularum
751 1292 1158 1367 duplicatarum
1225 1298 1659 1370 triplicatarum,
1726 1302 1860 1368 quin
1929 1312 1982 1353 et
2045 1302 2128 1356 al-

423 1387 636 1441 tiorum
683 1381 749 1436 ab
797 1379 1038 1439 AuCtore
1084 1381 1263 1438 nostro
1306 1384 1371 1438 fit
1415 1384 1740 1453 indigimus,
1811 1382 1972 1439 Circa
2014 1385 2126 1439 dis-

425 1469 768 1524 sertationem
815 1479 1001 1520 autem
1047 1465 1183 1523 hanc
1227 1469 1280 1523 id
1326 1471 1606 1540 imprimis
1648 1468 1926 1523 desiderari
1974 1471 2128 1524 vide·

423 1565 518 1609 tur
542 1551 687 1625 quod
710 1547 794 1606 (Ἰ.
825 1549 1036 1606 Auctor
1059 1553 1207 1609 suam
1251 1550 1544 1610 Theoriam
1572 1552 1841 1624 exemplis
1866 1551 2130 1609 illustrare

425 1635 845 1703 intermiserit,
919 1652 1086 1707 quem
1154 1651 1338 1696 tamen
1407 1638 1674 1696 defectum
1735 1637 1838 1694 alia
1906 1638 2128 1696 fortaffis

434 1723 706 1782 occasione
746 1718 1030 1794 supplebit.

1186 1909 1352 1990 VII.

515 2061 646 2147 De
716 2084 942 2143 curua
1011 2058 1461 2143 reflificabili
1519 2068 1600 2144 in
1654 2064 2039 2176 superficie

1071 2174 1487 2283 sphaerica.

614 2346 962 2429 Αυᾶοῑε
1037 2347 1127 2426 L.
1201 2350 1491 2430 Eulero
1543 2375 1716 2459 pag.
1768 2376 1933 2460 195.

513 2544 650 2615 *um
696 2557 869 2615 seculo
912 2560 1204 2630 praeterito
1269 2556 1593 2618 Geometrae
1662 2563 1716 2618 in
1787 2580 1988 2634 magno
2052 2566 2123 2624 fic

596 2644 741 2699 dieto
785 2643 1123 2701 Problemate
1169 2642 1482 2701 Florentino
1523 2647 1838 2705 resoluendo
1876 2655 2122 2723 occupati

430 2730 632 2797 essent,
709 2730 871 2783 etiam
938 2743 1008 2782 ex
1074 2729 1334 2784 affinitate
1402 2734 1654 2788 materiae
1719 2734 1996 2805 problema
2063 2739 2125 2792 ab

434 2811 558 2889 ipsis
600 2813 703 2868 fuit
747 2815 1013 2885 agitatum
1046 2854 1061 2882 ,
1128 2814 1192 2869 de
1234 2816 1411 2872 curuis
1452 2817 1874 2875 testificabilibus
1914 2823 1970 2874 in
2036 2821 2125 2874 su-

1901 2904 2124 2980 perficie
