2402 3329
241 2053 460 2111 Analogia

243 2117 452 2165 erefiioris

244 2188 407 2247 magni.

455 214 632 265 -522
893 186 1818 250 OBSERVATIONES

514 352 646 404 dum
677 345 916 403 laterales
939 347 1215 417 Vtriusque
1242 340 1471 399 musculi
1496 340 1675 405 fibrae,
1722 338 1825 393 siue
1872 335 2188 410 profundae,

507 433 616 488 flue
643 433 989 505 superficiales
1012 434 1223 500 luerint,
1267 430 1369 486 sola
1418 429 1557 483 linea
1604 427 1691 480 illa
1716 425 1828 478 alba
1874 423 2187 479 intermedia

508 520 929 588 coniunguntur.
1019 515 1294 591 Clauicula
1325 557 1339 582 ,
1385 529 1547 583 quam
1590 514 1703 567 dixi
1733 555 1746 578 ‚
1794 513 1965 579 magis
2026 521 2190 577 quarn

500 605 737 660 humana
783 600 1009 657 curuata
1057 603 1125 656 est
1169 615 1222 657 et
1269 600 1568 672 simplicem
1619 611 1805 651 arcum
1876 596 2050 664 figura
2110 608 2195 644 re-

502 694 621 747 fert.
733 689 1073 743 Extremitas
1141 686 1378 742 anterior
1446 685 1658 740 tenuior
1689 724 1704 747 ,
1769 677 2191 750 subcylindrica,

506 777 752 849 capitulo
798 791 963 846 paruo
1029 773 1276 828 instructa
1309 812 1323 838 ,
1394 771 1692 840 posterior,
1761 767 1844 821 seu
1917 764 2195 830 exterior,

501 862 659 932 plana
701 875 754 914 et
802 861 903 911 lata
945 859 1031 910 est.
1089 856 1282 908 Totius
1325 854 1525 906 officuli
1571 853 1856 921 longitudo
1904 855 1964 905 ad
2011 864 2195 902 arcum

502 946 764 996 maiorem
811 941 980 992 tribus
1050 938 1327 1005 pollicibus
1403 937 1631 1002 octoque
1704 935 1900 998 lineiS,
1967 934 2200 988 latitudo

500 1028 744 1081 maxima
791 1027 992 1093 septem
1042 1020 1195 1074 lineis
1240 1018 1469 1089 aequalis
1508 1019 1594 1070 est.
1682 1015 1948 1088 Adeoque
1993 1022 2201 1070 diame-

503 1125 655 1166 trum
701 1109 894 1181 capitis
940 1105 1055 1160 offis
1100 1104 1350 1177 humeri,
1400 1104 1487 1156 cui
1534 1101 1815 1170 incumbit,
1861 1100 2202 1169 longitudine

502 1197 590 1251 sua
694 1212 798 1250 non
886 1192 1114 1247 excedit.
1287 1188 1449 1244 Nulli
1539 1189 1631 1243 offi
1726 1204 1818 1257 per
1907 1185 2202 1254 ligamenta

504 1282 595 1336 vel
666 1298 758 1353 per
813 1277 1258 1333 >articulationem
1326 1273 1627 1328 adnectitur
1691 1275 1771 1326 sed
1843 1273 1985 1324 inter
2082 1287 2206 1323 mu·

501 1366 673 1423 sculos
719 1365 888 1420 dic‘tos
934 1363 1218 1426 {fiexorem
1286 1360 1457 1414 cubiti
1530 1373 1581 1412 et
1656 1358 1953 1412 erectorem
2023 1360 2204 1412 cerui-

503 1455 581 1508 cis
613 1493 628 1514 ,
675 1451 820 1523 quast
867 1449 1100 1521 suspenfa
1149 1448 1331 1501 haeret
1371 1487 1385 1512 ‚
1437 1446 1491 1498 in
1532 1459 1831 1514 eorumque
1876 1459 2031 1497 carne
2077 1443 2208 1497 adeo

503 1538 706 1610 sepulta
761 1537 869 1600 est,
917 1549 980 1590 vt
1031 1533 1127 1587 nisi
1174 1531 1403 1586 musculi
1449 1530 1789 1594 dissecentur,
1830 1530 1945 1582 eius
1986 1540 2208 1581 externe

507 1622 723 1678 nullum
768 1621 1062 1689 vestigium
1134 1629 1400 1689 appareat.
1509 1613 1574 1668 In
1643 1614 1742 1668 fele
1804 1615 2026 1667 eandem
2101 1612 2208 1664 fere

507 1704 807 1760 clauiculae
853 1707 1119 1758 rationem
1166 1702 1346 1755 inueni
1394 1700 1628 1769 respectu
1677 1698 1881 1765 figurae
1910 1735 1924 1761 ‚
1978 1695 2106 1747 situs
2148 1705 2218 1747 et-

502 1790 890 1857 connexionis;
935 1789 1014 1843 sed
1063 1786 1227 1857 paulo
1276 1786 1453 1838 minor
1500 1781 1626 1837 haec
1673 1781 2049 1855 proportione
2094 1780 2208 1832 ani-

508 1877 705 1944 malis,
749 1891 912 1946 quam
955 1877 1009 1927 in
1053 1872 1205 1926 leone
1255 1871 1363 1925 vila
1408 1870 1496 1923 est.

710 2031 848 2087 Dixi
898 2032 1185 2104 proprium
1232 2028 1378 2082 hunc
1408 2028 1717 2083 musculum
1740 2031 1836 2082 effe
1865 2030 2033 2095 leoni,
2079 2045 2208 2094 non,

507 2121 650 2195 quod
692 2119 834 2174 nihil
879 2120 998 2173 effet
1062 2121 1115 2172 in
1180 2115 1299 2170 aliis
1369 2116 1690 2168 animalibus
1761 2113 1850 2167 vel
1917 2115 2079 2168 etiam
2155 2115 2211 2165 in

511 2208 775 2275 homine,
844 2207 983 2276 quod
1028 2205 1074 2258 ei
1121 2202 1472 2273 responderet,
1517 2215 1644 2252 nam
1691 2197 1848 2252 datur
1888 2201 2119 2254 omnino
2155 2199 2213 2251 in

513 2294 627 2363 ipso
673 2291 896 2346 homine
940 2290 1146 2361 aliquid
1191 2290 1302 2341 eius
1371 2285 1582 2354 analogi
1611 2323 1626 2352 ,
1695 2283 1758 2337 s1t
1826 2284 1946 2340 ideo
1988 2326 2004 2354 ,
2067 2285 2214 2356 quod

516 2378 621 2432 hoc
671 2377 961 2445 analogum
1005 2393 1033 2428 a
1084 2374 1328 2428 musculo
1374 2371 1541 2426 leonis
1584 2371 1715 2423 adeo
1760 2383 1939 2424 tamen
1984 2371 2162 2425 differt
2196 2409 2215 2438 ,

517 2475 580 2516 vt
624 2464 797 2520 eidem
849 2462 967 2516 vsui
1018 2461 1278 2515 inseruire
1343 2474 1449 2510 non
1513 2454 1685 2526 possit.
1794 2455 1858 2510 In
1926 2457 2022 2512 fele
2089 2455 2213 2511 loco

519 2547 789 2603 vastiffimi
837 2547 1119 2616 cylindrici
1169 2541 1439 2610 musculi,
1485 2541 1577 2611 qui
1625 2541 1761 2593 circa
1806 2540 2016 2598 collum
2066 2539 2213 2612 quasi

526 2648 814 2705 torquetur
841 2677 855 2702 ‚
903 2647 1009 2686 tres
1052 2633 1246 2687 dantur
1290 2641 1470 2681 tenues
1515 2642 1608 2678 nec
1667 2626 1803 2679 latae
1874 2628 1957 2682 sed
2026 2626 2215 2696 longae

528 2721 759 2773 laminae
806 2719 1126 2772 musculares
1173 2732 1201 2768 a
1251 2712 1550 2780 ligamento
1595 2711 1794 2766 nuchae
1836 2727 1984 2768 ortae
2013 2756 2028 2782 ‚
2087 2728 2241 2783 qua--

525 2819 654 2856 rum
698 2805 831 2858 duae
879 2803 1156 2858 interiores
1213 2813 1342 2854 cum
1410 2795 1510 2851 alia
1582 2800 1834 2871 portione
1869 2841 1885 2871 ‚
1940 2817 1968 2854 a
2042 2798 2215 2852 sterno

2049 2895 2164 2939 orta
2197 2920 2212 2950 ‚
