2402 3329
559 247 687 303 ·500
985 224 1827 290 DESCRIPTIO

555 387 691 457 Syst.
754 384 884 442 Nat.
935 391 1015 442 ed.
1063 401 1150 439 10.
1203 402 1252 456 p.
1305 400 1435 451 324·
1486 401 1535 440 n.
1592 401 1678 454 17.
1738 380 1904 438 fimili
1974 381 2095 437 loco
2166 379 2248 437 ina

554 473 798 528 festarum
846 473 1001 539 vidi,
1048 471 1228 542 plures
1274 470 1395 524 octo
1463 469 1624 524 line‘as
1686 470 1912 538 longos,
1984 468 2249 536 lineareS,

555 558 878 625 subtereteS,
930 557 1327 627 glaberrimos,
1396 573 1456 610 ac
1526 573 1552 608 a
1627 555 2031 627 praeterfluente
2097 552 2242 619 bile,

555 645 702 713 quast
766 645 1142 712 gummigutta
1205 642 1406 696 ‘tinctos
1467 640 1615 695 fuisse
1654 683 1667 708 ,
1734 657 1800 695 ex
1877 638 2251 709 manuscripto

558 728 700 784 mihi
742 729 961 794 constat,
1002 744 1131 782 cum
1176 728 1269 781 alii
1316 725 1401 781 vel
1451 726 1682 781 diuersae
1711 727 2019 797 progenici,
2065 724 2252 777 iidem·-

558 831 662 887 que
707 825 875 868 aetate
923 812 1028 866 fine
1081 812 1243 866 dubio
1312 813 1489 864 minus
1560 811 1837 880 prouecti,
1913 815 1963 872 ιζ
2032 823 2249 863 tantum

553 898 643 954 vel
691 918 721 950 2
770 898 931 950 lineas
975 895 1172 959 longi,
1218 895 1336 962 plus
1385 900 1635 948 minusue
1683 897 1962 963 turbinati,
2006 895 2060 948 in
2094 909 2250 963 rugas

553 979 812 1037 contracti
857 994 915 1030 ac
963 975 1123 1027 albidi
1172 976 1349 1028 essent.
1396 974 1554 1027 Dum
1602 977 1800 1029 viuunt
1843 979 1901 1031 hi
1948 978 2257 1032 acanthoce-

543 1062 729 1143 phadi,
776 1077 885 1133 quo
925 1059 1170 1114 distincto
1242 1058 1466 1112 nomine
1537 1056 1642 1112 hoc
1688 1060 2006 1113 animalium
2086 1052 2250 1128 genu's

555 1147 822 1222 appellare
890 1145 1046 1200 liceat
1086 1187 1100 1216 ‚
1165 1143 1465 1197 aculeatam
1535 1144 1778 1214 corporis
1842 1146 2251 1199 extremitatem

558 1233 725 1292 simili
776 1232 932 1306 plane
976 1229 1345 1286 mechanismo
1377 1270 1391 1297 ‚
1436 1245 1548 1300 quo
1595 1231 1854 1301 serpentes
1905 1247 2094 1302 penem
2129 1271 2144 1297 ,
2197 1247 2258 1285 ac

555 1322 776 1377 limaces
822 1316 1098 1372 cornicula
1143 1316 1265 1383 sua,
1336 1330 1438 1385 pro
1489 1313 1661 1368 lubitu
1734 1317 1895 1369 modo
1964 1315 2201 1371 exserere
2240 1357 2259 1383 ,

560 1407 726 1462 modo
771 1404 1018 1457 reducere
1062 1402 1245 1456 valent
1312 1400 1431 1455 Vid.
1480 1398 1612 1454 Tab,
1651 1402 1870 1457 XXVI.
1905 1402 2022 1470 Fig.
2060 1416 2112 1466 5.
2156 1400 2260 1460 Sed

558 1492 717 1549 redeo
760 1490 823 1545 ad
868 1487 1189 1545 vlteriorem
1237 1483 1470 1558 Cyprini
1519 1485 1680 1543 nostri
1724 1499 2050 1542 anatomen:

765 1653 952 1712 Vesica
997 1668 1144 1709 aerea
1190 1653 1430 1708 eiusdem
1478 1650 1636 1723 plane
1682 1649 1901 1721 figurae,
1944 1667 2075 1724 quae
2125 1649 2259 1704 huic

562 1739 795 1812 piscium
842 1740 1024 1807 generi
1071 1739 1288 1809 propria
1331 1738 1421 1804 est,
1464 1737 1668 1790 duobus
1693 1738 1797 1792 scil.
1826 1737 2100 1790 ventribus
2121 1752 2255 1790 con-

564 1825 703 1894 stat,
747 1820 921 1879 altero
961 1824 1178 1891 antic0‚
1223 1823 1474 1890 minore,
1520 1820 1821 1875 substantiae
1876 1818 2138 1875 firmioris
2203 1829 2257 1873 et

559 1911 820 1965 craffioris
850 1950 865 1976 ‚
910 1907 1084 1963 altero
1131 1907 1329 1978 postico
1360 1947 1376 1975 ,
1426 1906 1627 1959 maiore
1658 1945 1673 1973 ‚
1728 1905 1994 1960 tenuioris
2056 1904 2256 1976 magis-

558 2010 663 2065 que
732 1993 1032 2048 tendinosae
1097 1991 1318 2045 fabricae
1359 2028 1375 2054 ,
1426 1989 1697 2057 ductuque
1768 1990 2105 2058 pneumatico
2173 1990 2256 2042 in-

561 2078 774 2134 structo.
864 2075 1104 2131 Dissecto
1147 2073 1436 2132 secundum
1483 2069 1886 2140 longitudinem
1933 2074 2259 2146 posteriore,

559 2163 802 2221 distinete
846 2172 1113 2233 apparet,
1158 2157 1315 2213 fibras
1379 2153 1541 2228 ipfius
1608 2154 2030 2223 longitudinales
2058 2200 2075 2228 ,
2139 2169 2260 2211 ten-

560 2250 763 2305 dinosas
795 2290 810 2317 ‚
853 2247 1082 2304 albentes
1113 2286 1129 2313 ,
1184 2246 1381 2300 ostium
1432 2243 1611 2296 versus
1678 2243 1898 2313 vtrique
1963 2257 2258 2301 commune

562 2349 848 2390 excurrere
879 2373 895 2401 ‚
941 2348 997 2386 ac
1050 2335 1107 2392 2}
1152 2327 1248 2385 lin.
1293 2329 1532 2384 distantia
1579 2327 1642 2380 ab
1687 2327 1874 2383 eodem
1920 2332 2253 2405 euanescere,

564 2415 619 2474 in
666 2418 937 2474 circulum
985 2431 1171 2471 omnes
1215 2413 1472 2472 collec'taS.
1582 2412 1791 2465 Harum
1861 2415 2003 2469 actio
2067 2415 2256 2488 procul

561 2504 727 2560 dubio
772 2507 826 2560 in
873 2519 940 2558 eo
986 2500 1224 2556 consistit
1252 2543 1268 2571 ,
1312 2513 1415 2566 vt,
1455 2495 1494 2551 s1
1541 2496 1686 2550 idem
1725 2538 1740 2565 ‚
1784 2501 1846 2555 ad
1900 2516 2077 2554 aerem
2126 2516 2258 2555 con-

565 2598 783 2645 tentum
830 2589 884 2643 in
928 2589 1155 2643 ductum
1202 2583 1605 2657 expellendum,
1650 2581 1698 2635 se
1744 2584 2057 2655 contrahat,
2102 2584 2257 2642 infita

563 2673 799 2747 ipsarum
845 2674 904 2729 vi
949 2675 1209 2742 stringant
1277 2666 1422 2743 quast
1489 2683 1549 2720 ac
1613 2668 1899 2726 occludant
1961 2686 2256 2727 commune

563 2758 705 2814 illud
748 2759 947 2812 ostium
975 2801 990 2827 ,
1057 2773 1121 2810 ne
1176 2771 1263 2810 aer
1309 2757 1363 2808 in
1408 2753 1809 2824 receptaculum
1854 2759 2124 2827 anteriuS,
2191 2755 2259 2814 ad

567 2843 710 2920 quod
753 2841 1025 2919 patentior
1071 2840 1233 2910 longe
1277 2838 1366 2897 via
1434 2837 1506 2895 est
1540 2878 1555 2909 ,
1620 2842 1927 2899 retrocedat.
2041 2841 2256 2899 Ductus

2092 2939 2257 3002 pneu-
