2402 3329
520 221 1064 283 FLVIDORVM
1136 225 1543 288 LINEARI.
1760 253 1878 305 239

197 379 391 435 initiali
436 389 534 444 pro
578 373 797 444 singulis
843 374 1123 431 elementis
1166 376 1287 434 illae
1331 382 1514 435 ambae
1558 383 1874 451 quartitates

198 465 244 519 Υ
299 477 351 517 et
419 459 458 512 P
524 459 667 514 datos
733 462 940 516 valores
1004 464 1293 519 obtineant.
1449 466 1651 537 Quoifi
1723 473 1871 523 enim

190 547 418 602 fluidum
467 543 669 598 nullius
710 547 1106 618 compreffionis
1156 548 1220 602 sit
1270 567 1457 622 capax,
1503 552 1676 607 statim
1716 567 1877 627 atque

187 633 242 686 in
312 631 469 685 vnica
539 630 648 684 tubi
720 634 950 686 sectione
1016 634 1256 688 celeritas
1323 639 1516 704 datur,
1587 637 1745 692 simul
1817 641 1874 694 in

185 716 429 772 omnibus
478 713 1166 787 reliquisdeterminatur,
1218 730 1338 773 tum
1388 737 1520 775 vero
1561 724 1727 775 etiam
1774 741 1872 795 per

183 801 494 874 preffionem
542 801 598 853 in
641 803 806 856 vnico
849 803 962 856 tubi
1009 801 1129 858 loco
1174 805 1449 876 pressiones
1498 808 1554 860 iu
1621 810 1874 862 omnibus

181 886 399 960 reliquis
489 888 934 947 determinantur.
1110 889 1264 946 Vnde
1341 891 1458 945 satis
1540 892 1866 963 intelligitur

179 972 389 1027 etiamsi
434 971 657 1026 densitas
716 974 910 1026 fuerit·
943 973 1205 1027 variabilis
1256 970 1384 1044 'quia
1453 978 1658 1046 semper
1731 995 1861 1032 cum

177 1057 447 1112 celeritate
495 1068 548 1107 et
595 1055 849 1124 preffione
897 1067 1049 1106 certo
1097 1057 1259 1109 molo
1324 1055 1572 1111 cohaeret
1600 1100 1614 1126 ‚
1690 1074 1865 1116 tamen

179 1156 287 1193 non
335 1138 386 1192 in
435 1138 658 1208 singulis
704 1138 833 1191 locis
885 1154 983 1208 pro
1012 1138 1141 1191 statu
1194 1140 1390 1194 initiali
1428 1144 1762 1202 celeritatem
1807 1158 1871 1202 et.

178 1223 494 1299 pressionem
539 1239 642 1296 pro
689 1223 860 1275 lubitu
910 1221 1043 1288 fingi
1089 1220 1249 1290 posse.

599 1361 1182 1442 Problema
1296 1370 1442 1468 46.

373 1516 466 1566 24.
513 1497 568 1557 Si
617 1499 731 1554 tubi
776 1498 1033 1556 direc'irix
1079 1499 1235 1556 IZz
1262 1502 1309 1556 K
1355 1505 1514 1559 fuerit
1557 1503 1694 1560 linea
1736 1523 1859 1561 cur·
1893 1532 2090 1582 Tab.11.

165 1598 231 1638 va
278 1599 625 1657 quaecunque
670 1603 778 1641 non
823 1587 878 1639 in
945 1587 1137 1642 eodem
1204 1585 1367 1658 plano
1434 1590 1527 1646 fita
1554 1630 1570 1657 ‚
1636 1593 1852 1665 eiusque
1894 1602 1985 1665 Fig.
2016 1611 2087 1663 38.

158 1668 463 1741 amplitudo
509 1686 779 1745 vtcunque
822 1670 1131 1742 variabilis,
1174 1671 1396 1729 definire
1441 1689 1658 1730 motum
1705 1677 1852 1733 fluidi

157 1756 215 1808 in
259 1753 572 1814 huiusmodi
617 1760 747 1816 tubo
792 1759 1079 1814 secundum
1123 1757 1449 1816 methodum
1495 1764 1734 1835 priorem
1776 1767 1852 1820 su-

159 1856 252 1911 pra
295 1842 605 1917 expositam.

708 1944 1192 2022 Solutio

340 2058 455 2112 Hac
499 2057 756 2112 methodo
799 2075 1006 2114 vtentes
1047 2061 1221 2112 statim
1265 2059 1659 2116 consideramus
1719 2061 1845 2113 flui-

159 2144 212 2197 di
256 2142 452 2195 statum
491 2143 551 2193 ad
599 2152 810 2208 tempus
851 2143 1198 2209 quodcunque
1243 2142 1587 2196 indefinitum
1633 2160 1703 2197 Ξ
1730 2156 1753 2197 t
1814 2160 1842 2198 a

160 2239 310 2279 certo
357 2225 516 2280 initio
556 2223 806 2292 elapsum.
916 2222 1161 2279 Definita
1207 2224 1381 2294 igitur
1419 2226 1704 2282 directrice
1743 2244 1840 2300 per

160 2320 328 2362 ternas
392 2308 716 2366 coordinatas
804 2307 913 2362 Ox
936 2330 1001 2364 z
1027 2325 1065 2362 x
1092 2349 1106 2376 ‚
1172 2326 1210 2362 x
1237 2329 1271 2377 y
1295 2326 1424 2378 :y
1463 2353 1477 2381 ‚
1541 2330 1588 2381 y
1613 2329 1648 2367 z
1671 2332 1731 2368 Ξ
1755 2331 1791 2368 z
1820 2354 1835 2382 ‚

157 2409 288 2463 quae
355 2395 428 2449 ita
492 2411 518 2449 a
583 2394 632 2446 se
699 2393 935 2448 inuicem
987 2396 1244 2466 pendent,
1291 2409 1352 2450 vt
1395 2411 1496 2466 pro
1541 2399 1695 2452 vuica
1739 2416 1836 2454 va-

155 2478 325 2534 riabili
371 2478 552 2534 haberi
594 2490 787 2549 queant
818 2519 834 2547 ,
876 2482 1161 2551 statuamus
1207 2495 1476 2551 praeterea
1517 2498 1705 2536 arcum
1748 2486 1833 2539 di·

155 2564 387 2619 rec‘tricis
427 2565 673 2631 Izzs,
711 2575 765 2618 et
809 2565 861 2618 in
907 2580 942 2619 z
987 2564 1048 2619 sit
1092 2566 1207 2620 tubi
1249 2565 1557 2639 amplitudo
1598 2584 1831 2638 zvzoe,

156 2665 294 2717 quae
386 2651 550 2703 etiam
625 2663 687 2704 vt
753 2649 956 2705 functio
1024 2650 1184 2720 ipsius
1272 2669 1300 2705 s
1388 2652 1458 2706 est
1535 2652 1825 2724 spectanda.

157 2729 258 2786 In‘
317 2733 419 2788 hoc
514 2735 619 2787 iam
687 2734 809 2789 loco
898 2753 933 2790 z
1002 2737 1063 2790 ad
1154 2749 1361 2809 tempus
1426 2754 1493 2792 z:
1541 2749 1563 2790 t
1593 2779 1608 2806 ‚
1704 2756 1828 2794 cou-

153 2819 487 2895 templamur
510 2817 662 2881 fluidi
707 2821 1028 2894 particulam
1059 2862 1076 2894 ,
1114 2823 1268 2879 cuius
1312 2821 1530 2878 densitas
1573 2821 1638 2877 fit
1678 2843 1748 2880 z
1775 2843 1838 2897 q„

690 2906 693 2907 ⁷
1634 2908 1822 2983 prcffio
