2402 3329
506 259 625 319 378
888 246 1018 306 DE
1087 245 1382 303 MOTV
1453 243 1816 304 MIXTO

497 398 882 472 sesquilineae3
939 398 1074 456 hanc
1136 399 1342 454 tabulae
1412 397 1741 455 horizontali
1808 396 2005 472 politae
2081 399 2199 457 im·

498 489 652 559 posui
703 486 868 540 modo
922 487 978 539 in
1026 485 1301 558 superficie
1369 487 1554 554 gracili
1597 499 1756 557 atque
1803 485 2190 556 percussionem

495 574 590 627 feci
642 571 700 625 in
744 571 1083 644 superficiem
1127 571 1330 638 latam,
1380 574 1542 642 modo
1612 573 1667 624 in
1737 571 2017 643 superficie
2089 573 2192 627 lata

496 668 734 729 tuncque
782 658 1062 729 impetum
1107 658 1353 711 faciebam
1399 657 1455 709 in
1496 656 1836 729 superficiem
1892 656 2190 725 gracilem:

496 743 637 798 hanc
686 760 972 805 normam¹
1005 742 1230 816 percuffi
1290 742 1499 813 semper
1568 756 1808 796 accurate
1882 744 1936 796 in
2003 756 2194 796 centro

495 826 824 900 grauitatiS,
868 830 1011 900 quod
1052 824 1458 898 aliquantillum
1504 843 1531 880 a
1579 829 1754 881 medio
1795 828 2014 882 distabat
2046 867 2061 887 ,
2129 843 2195 880 eo

501 915 670 968 modo
714 929 825 981 quo
866 914 1010 980 globi
1055 915 1272 966 eburnei
1319 911 1374 962 in
1417 909 1568 978 ludo,
1612 913 1705 982 qui
1738 911 1938 967 -hillard
1974 923 2197 966 vocatur

493 995 875 1065 percutiuntur
917 995 1263 1045 extremitate
1307 995 1533 1044 acutiori
1579 995 1757 1046 clauae
1824 997 2032 1064 ligneae
2100 994 2197 1068 (la

495 1079 728 1146 queue);
774 1075 1073 1148 impulsum
1118 1075 1219 1130 feci
1285 1074 1451 1127 modo
1516 1077 1799 1132 fortiorem
1875 1084 2039 1134 modo
2103 1081 2197 1136 de-

494 1162 764 1218 biliorem.

699 1332 1112 1408 Experimentum
1165 1350 1212 1387 1.
1260 1330 1554 1386 Laminam
1600 1328 1691 1383 vel
1756 1347 2006 1386 normam
2077 1346 2198 1402 gra-

498 1421 591 1476 cili
634 1421 722 1476 sua
766 1418 1045 1491 superficie
1094 1415 1300 1472 tabulae
1346 1415 1582 1486 imposui
1631 1427 1789 1485 atque
1834 1434 1860 1469 a
1888 1430 2042 1486 tergo
2068 1418 2200 1472 vtti-

497 1523 604 1582 que
641 1507 979 1562 extremitati
1026 1503 1319 1575 globulum
1365 1497 1729 1555 leuiusculum
1776 1504 1994 1573 apposui
2043 1516 2197 1557 tum-

495 1610 604 1666 que
651 1607 903 1648 normam
953 1607 1016 1644 eo
1062 1606 1170 1661 quo
1214 1589 1326 1643 dixi
1377 1588 1543 1641 modo
1588 1585 1807 1659 percussi
1851 1587 2050 1660 saepius
2107 1604 2197 1642 an-

498 1679 783 1745 trorsum3
827 1680 1033 1747 semper
1076 1689 1260 1729 autem
1304 1674 1538 1741 contigit
1566 1712 1580 1739 ‚
1626 1684 1688 1724 vt
1731 1683 1959 1743 vterque
2004 1672 2194 1742 globu-

498 1762 586 1817 lus
632 1762 921 1815 retrorsum
953 1799 969 1826 ‚
1013 1761 1119 1831 ipsa
1165 1775 1299 1814 vero
1342 1759 1541 1814 lamina
1591 1759 1898 1811 antrorsum
1933 1799 1948 1825 ‚
2013 1759 2201 1831 impe·

502 1860 627 1903 tum
670 1848 895 1902 facerent
937 1862 1042 1919 pro
1088 1844 1389 1902 intensitate
1433 1842 1796 1916 percussionis.
1841 1843 1977 1898 conf.
2019 1844 2063 1909 §.
2102 1836 2195 1902 162

700 2016 1110 2087 Experimentum
1161 2030 1208 2066 2.
1251 2012 1554 2068 Globulum
1617 2023 1917 2083 vtrumque
1985 2009 2202 2065 remoui

499 2102 562 2156 ab
604 2102 955 2155 extremitate
1001 2112 1222 2150 normae
1267 2096 1446 2147 versus
1514 2094 1760 2148 medium
1789 2135 1805 2160 ‚
1876 2097 2064 2164 primo
2135 2097 2200 2152 ad

499 2187 803 2243 distantiam
846 2185 1002 2238 vnius
1031 2222 1046 2248 ‚
1099 2180 1286 2235 deinde
1331 2179 1570 2233 duorum
1600 2217 1617 2245 ,
1685 2177 1851 2230 trium
1886 2218 1902 2246 ‚
1971 2188 2203 2247 quatuor

500 2271 817 2345 pollicum3
889 2282 1128 2323 attamen
1203 2263 1413 2335 globuli
1472 2277 1695 2315 normae
1738 2262 1986 2332 contigui
2034 2280 2204 2334 pone·

499 2357 735 2425 bantur3
814 2359 1022 2424 semper
1094 2369 1123 2406 a
1166 2350 1493 2422 perculsione
1537 2346 1695 2400 ambo
1740 2347 1951 2418 globuli
1996 2361 2202 2403 retror-

501 2446 620 2498 sum
672 2440 987 2498 ferebantur.
1100 2435 1444 2508 Repercuffio
1487 2443 1671 2484 autem
1720 2434 1988 2489 manifeste
2035 2431 2199 2490 fiebat

504 2540 656 2582 tanto
699 2527 921 2584 debilior
950 2566 967 2593 ,
1026 2538 1229 2597 quanto
1275 2521 1444 2590 magis
1485 2515 1698 2588 globuli
1747 2520 1809 2574 ab
1853 2519 2200 2576 extremitate

503 2616 724 2670 suerunt
767 2612 982 2668 remoti.

707 2781 1118 2856 Experimentum
1169 2790 1221 2841 3.
1283 2771 1503 2831 Similis
1570 2772 1676 2828 fuit
1738 2788 2001 2843 mentm,
2068 2793 2199 2834 cum

507 2866 757 2940 globuli,
803 2884 911 2925 non
954 2868 1021 2922 ad
1065 2863 1330 2920 laminam
1375 2860 1660 2935 contigui,
1722 2860 1804 2919 sed
1852 2861 2068 2919 tantillo
2110 2865 2198 2917 in-

2087 2957 2196 3004 tet·-
