2402 3329
510 236 587 280 ιο
923 213 1034 275 DE
1103 212 1500 275 MENSVRA
1546 210 1811 274 SORTIS

501 381 595 425 tur
637 366 871 423 excessus
915 367 1226 439 puellorum
1271 367 1424 440 supra
1483 382 1778 421 numerum
1825 359 2014 454 ξιξ-(ἰὸς
2086 363 2191 420 hoc

502 463 642 520 saeto
684 476 844 519 erunt
886 466 1208 519 variationes
1256 465 1696 535 probabilitatum
1745 463 1978 516 inomni
2004 478 2194 518 exem-

502 549 599 622 plo
664 550 917 619 proxime
989 549 1202 603 eaedem
1267 562 1369 614 pro
1437 548 1625 597 iisdem
1699 546 1940 597 numeris
1995 565 2039 616 μ
2088 547 2197 604 flue

502 632 830 687 affirmatiue
875 628 984 683 siue
1026 630 1271 698 negatiue
1317 628 1526 682 sumtis.
1632 622 1732 680 Sed
1775 638 1831 679 et
1877 628 2014 698 ipsae
2070 647 2203 700 pro-

502 715 793 770 babilitates
820 754 836 782 ,
911 711 1001 766 vbi
1049 715 1319 768 maximae
1364 715 1525 782 sunt,
1599 710 1656 762 in
1701 711 1855 764 omni
1901 716 2201 784 exemp10‚

504 797 616 856 fine
660 798 777 853 vllo
819 796 1074 868 scrupulo
1103 838 1118 866 ‚
1187 798 1405 852 eaedem
1452 794 1646 851 censeri
1706 794 1965 864 possunt,
2040 799 2203 855 modo

507 885 650 940 inter
693 902 726 938 a
770 896 824 937 et
877 882 910 936 h
954 883 1247 938 differentia
1296 899 1401 937 non
1446 880 1738 938 admodum
1807 896 1997 949 magna
2065 884 2204 939 acci-

506 970 702 1041 piatur.
791 967 878 1024 Sic
921 983 1134 1038 quoque
1176 965 1314 1020 ratio
1357 980 1572 1039 apparet
1618 962 1963 1034 proprietatis
2008 965 2159 1020 illius
2188 1008 2217 1040 ι

507 1053 660 1105 cuius
704 1053 1040 1105 mentionem
1089 1052 1314 1103 fecimus
1360 1052 1403 1112 §-
1455 1070 1544 1106 10.
1594 1047 1650 1099 in
1697 1045 1825 1102 fine.

709 1201 746 1263 §.
809 1209 896 1254 16.
972 1199 1062 1252 Ex
1133 1198 1424 1267 praemiffis
1489 1208 1679 1271 patet,
1740 1198 2207 1268 quemadmodum

507 1283 907 1359 probabilitates
967 1280 1162 1354 poffint
1203 1299 1370 1354 quam
1416 1283 1670 1354 proxime
1714 1282 2063 1337 determinari
2106 1300 2211 1356 pro

510 1371 713 1442 quouis
780 1380 1034 1420 natorum
1103 1382 1334 1421 numero
1356 1406 1378 1437 ι,
1450 1383 1552 1438 pro
1607 1363 1842 1434 quolibet
1890 1368 2212 1437 puellorum

509 1470 747 1510 numero
791 1464 842 1503 et
888 1468 988 1523 pro
1031 1450 1262 1521 qualibet
1307 1449 1517 1505 ratione
1563 1451 1702 1503 inter
1747 1467 1792 1502 a
1844 1463 1897 1503 et
1959 1449 2007 1507 h.
2123 1448 2214 1512 En

513 1546 698 1593 totum
743 1533 1084 1609 processum!
1152 1537 1457 1610 Quaeratur
1507 1536 1689 1607 primo
1737 1534 1978 1588 maxima
2026 1538 2217 1604 proba-

508 1618 688 1678 bilitas
757 1639 855 1695 pro
922 1619 1213 1692 hypothesi
1279 1619 1495 1688 azh,
1564 1632 1696 1691 quae
1763 1617 1823 1670 vi
1891 1611 2213 1690 paragraphi

510 1707 728 1778 septimi
798 1707 993 1778 prioris
1059 1704 1572 1763 schediasmatis—
1504 1752 1571 1761 .-
1599 1751 1671 1790 Ν(
1599 1701 1840 1791 —¹-·N²⁸-⁴{‘37
1880 1718 2038 1775 atque
2086 1705 2218 1760 haec

516 1799 858 1873 probabilitas
907 1798 1157 1871 proxime
1207 1800 1389 1855 eadem
1439 1802 1673 1853 manebit
1702 1839 1719 1869 ‚
1787 1813 1914 1853 cum
1971 1793 2215 1855 maxima

516 1883 632 1953 est,
677 1902 775 1957 pro
815 1884 968 1938 omni
1015 1885 1116 1938 alia
1169 1885 1374 1938 ratione
1422 1885 1560 1935 inter
1602 1903 1634 1939 a
1677 1898 1729 1938 et
1777 1883 1846 1937 b:
1893 1882 2008 1935 imo
2053 1897 2216 1952 pote-

517 1971 593 2024 rit
637 1969 934 2042 simplicius
978 1970 1106 2039 poni
1171 1967 1516 2038 probabilitas
1593 1968 1832 2022 maxima
1903 1965 2152 2052 ΞΨζξΝΞ
2202 1994 2216 2031 ς

521 2064 736 2123 Deinde
780 2063 1025 2121 sumatur
1068 2081 1328 2122 numerus
1369 2058 1523 2154 :aab
1548 2105 1562 2132 ,
1626 2063 1718 2136 qui
1764 2060 1971 2122 indicat
2017 2077 2216 2116 nume-

517 2171 644 2215 rum
713 2157 1025 2233 puellorum
1095 2163 1335 2216 maxima
1405 2156 1781 2233 probabilitate
1845 2159 2216 2226 gaudentem,

522 2261 630 2317 quo
674 2239 816 2300 facto
856 2247 1012 2300 detur
1057 2244 1440 2315 qualiscunque
1480 2242 1617 2298 alius
1662 2240 1972 2313 puellorum
2021 2258 2213 2296 nume-

522 2345 615 2382 rus
654 2330 924 2397 expressus
965 2330 1201 2382 formula
1269 2324 1328 2355 ²³³¹
1287 2330 1488 2413 424-
1516 2342 1602 2395 μ·
1588 2364 1602 2391 ,
1648 2327 1767 2378 dico
1809 2327 1921 2376 fore
1973 2321 2216 2391 probabi·

524 2420 738 2475 litatem
784 2419 1148 2491 proxime:
1170 2382 1347 2512 03⁶5-
1358 2426 1501 2529 κμμ
1518 2463 1586 2502 Ν.
1723 2416 1839 2473 Nec
1896 2432 2032 2491 puto
2080 2420 2215 2476 hanc

526 2562 641 2602 rem
689 2545 1029 2600 commodius
1076 2542 1341 2614 simulque
1405 2547 1704 2600 accuratius
1776 2545 1968 2599 confici
2035 2547 2218 2618 poffe,

528 2646 654 2687 cum
700 2640 924 2699 maguus
967 2629 1036 2683 est
1085 2641 1345 2681 numerus
1393 2626 1465 2683 N.
1600 2630 1662 2685 Si*
1728 2630 1983 2700 paruulus
2053 2631 2216 2687 fuerit

533 2715 626 2770 iste
673 2728 967 2781 numerus,
1013 2724 1190 2765 totum
1238 2713 1518 2780 negotium
1564 2715 1715 2769 omni
1762 2717 1938 2784 rigore
1985 2716 2217 2771 absolue·

533 2814 626 2855 tur
669 2814 771 2873 ope
814 2796 1080 2856 formulae
1124 2797 1180 2852 in
1225 2795 1331 2852 fine
1377 2798 1704 2876 paragraphi
1750 2796 1954 2858 secundi
1998 2812 2214 2873 expres·

2121 2884 2210 2940 sae.
