2402 3329
707 207 1476 268 ANATOM-ICAE.
1805 228 1922 282 529

247 378 366 424 rant
409 375 459 421 et
503 361 756 418 vl‘timato
798 361 850 414 in
898 361 1118 431 regione
1162 361 1396 417 flexurae
1439 367 1494 415 in
1560 363 1924 432 angustiorem

239 453 504 508 tendinem
548 458 771 501 teretem
820 460 1013 500 omnes
1056 447 1386 517 colligantur
1416 491 1431 515 ‚
1477 449 1808 517 musculique
1855 450 1924 502 fi-

237 550 426 605 guram
472 531 863 602 triangularem
906 532 1154 587 efficiant.
1281 534 1468 587 Tendo
1507 546 1634 585 cum
1708 533 1920 588 fiexoris

229 620 514 694 pe‘cstoralis
559 617 769 672 tendine
815 618 1204 687 coniungitur,
1247 620 1627 688 tendinemque
1671 633 1920 672 commu-

224 713 353 759 nem
400 699 673 758 constituit
701 745 716 771 ‚
783 704 879 774 qui
918 719 1094 775 porro
1136 718 1266 757 cum
1313 704 1459 757 tertii
1505 701 1725 757 flexuris
1799 716 1920 758 ten·

224 790 346 847 dine
389 787 671 844 coalescens
705 789 770 842 'in
811 788 1025 843 radium
1066 788 1290 860 denique
1335 792 1384 844 se
1429 788 1633 844 inserit.

421 911 691 981 Omnibus
734 915 874 966 notis
919 913 1008 967 hic
1056 913 1326 966 musculus
1390 914 1657 968 deltoideo
1721 911 1915 966 huma·
1937 930 2166 991 Analogia.

225 1013 343 1062 n0‚
406 997 664 1051 eleuatori
738 994 1002 1064 humeri,
1066 997 1159 1068 qui
1223 996 1279 1050 in
1342 994 1496 1053 leone
1567 1009 1620 1048 et
1659 998 1758 1051 fele
1807 1014 1914 1052 non

217 1079 438 1147 existit,
512 1080 704 1134 similis
746 1081 863 1148 est,
930 1083 1101 1148 ade0‚
1167 1091 1229 1133 vt
1298 1096 1399 1149 pro
1461 1083 1694 1150 eodem,
1759 1086 1915 1136 cuius

218 1166 386 1220 etiam
428 1162 609 1218 locum
660 1178 926 1234 occupat,
963 1163 1148 1216 haberi
1195 1154 1351 1232 poffit
1380 1202 1395 1229 ,
1442 1179 1568 1216 cum
1613 1183 1680 1220 eo
1730 1177 1911 1220 tamen

213 1249 568 1312 discrimine,
635 1259 697 1302 vt
756 1247 858 1317 qui
926 1246 982 1299 in
1051 1246 1279 1300 homine
1333 1248 1614 1303 brachium
1660 1250 1908 1320 attollit,

211 1332 608 1387 antibraehium
662 1331 754 1383 «in
839 1328 1001 1384 ¹leone
1076 1329 1269 1388 flestat.
1419 1332 1519 1390 Sed
1601 1335 1901 1390 mirandam
1934 1349 2057 1398 Vsus.

203 1417 380 1470 etiam
427 1419 482 1470 in
529 1415 631 1468 hoc
675 1413 926 1485 exemplo
973 1426 1162 1469 natura
1207 1418 1254 1470 se
1300 1418 1555 1488 praebet,
1622 1435 1755 1490 quae
1818 1422 1904 1475 vi·

208 1501 356 1563 nibus
425 1499 700 1555 consulens
771 1498 1022 1554 omnibus
1088 1501 1265 1555 modis
1332 1504 1389 1557 in
1456 1502 1561 1559 hoc
1629 1504 1903 1573 animale,

202 1598 425 1638 motum
484 1599 695 1655 quoque
755 1584 1095 1654 ⁴peculiarem
1159 1585 1316 1640 alteri
1375 1590 1625 1643 membro
1669 1589 1900 1644 detrahit

197 1666 400 1738 plane,
466 1669 724 1739 alterique
792 1670 939 1723 addit
1007 1672 1338 1742 superfluum
1404 1690 1466 1726 ne
1511 1676 1693 1742 aliquo
1739 1676 1900 1730 modo

203 1752 344 1806 vires
390 1755 694 1823 perdantur.
782 1751 1054 1809 Omnibus
1097 1758 1245 1810 enim
1282 1798 1297 1824 ‚
1342 1757 1528 1826 quibus
1573 1755 1746 1812 homo
1780 1798 1795 1824 ‚
1844 1771 1898 1813 et

191 1850 469 1905 praeterea
513 1837 765 1908 pastorali
810 1855 1022 1910 quoque
1051 1881 1068 1908 ,
1110 1840 1194 1897 leo
1239 1835 1529 1897 flexori'bus
1573 1843 1739 1897 cubiti
1767 1857 1899 1911 gau-

199 1920 308 1971 det.
400 1921 547 1989 Ergo
583 1923 880 1993 superfluus
928 1913 1224 1977 delto‘i'deus
1293 1927 1410 1992 est,
1476 1926 1573 1980 nifi
1642 1929 1704 2001 ad
1771 1931 1891 1980 vim

208 2000 263 2051 in
311 1999 563 2060 fleetendo
605 2006 822 2059 anetam
867 2002 1124 2071 respicias.
1208 2004 1312 2059 Sed
1355 2006 1394 2059 fi
1440 2007 1704 2077 humerO,
1731 2009 1891 2063 ‘velut

205 2082 260 2134 in
309 2081 528 2139 homine
573 2086 660 2138 hic
708 2085 983 2138 musculus
1029 2085 1317 2156 inseritur,
1370 2108 1479 2161 quo
1527 2105 1709 2147 motus
1756 2085 1888 2150 effi·-

201 2167 368 2219 ciatur
414 2170 661 2239 proprius
695 2206 710 2233 ,
754 2168 988 2223 eleuatio
1033 2169 1292 2240 humeri3
1363 2176 1528 2229 flexio
1571 2194 1674 2231 non
1720 2182 1886 2233 modo

194 2252 421 2307 debilior
461 2253 578 2308 inde
619 2252 856 2308 reddit-ur
885 2295 900 2322 ‚
943 2253 1024 2309 sed
1070 2270 1338 2329 qnantum
1382 2258 1514 2314 hnic
1556 2258 1752 2317 astioni
1798 2265 1884 2316 vi-

195 2339 342 2390 rium
388 2337 639 2405 decedit,
701 2338 752 2392 id
799 2353 969 2410 neque
1010 2339 1281 2397 adhibetur
1328 2360 1494 2400 onne
1549 2347 1611 2400 ad
1681 2363 1880 2403 nouam

203 2419 352 2474 illam
400 2421 666 2477 aitionem
711 2424 1044 2479 efficiendam
1089 2426 1156 2481 ob
1211 2428 1552 2486 insertionem
1619 2431 1878 2489 deitoidei

202 2504 258 2557 in
304 2504 591 2560 humerum
619 2546 636 2575 ‚
680 2525 807 2578 quae
852 2520 977 2563 nota
1022 2511 1122 2579 est,
1174 2513 1374 2569 viribus
1420 2515 1650 2571 minime
1695 2518 1879 2572 fauen-

203 2600 331 2643 tem.
435 2593 495 2646 In
540 2592 761 2648 homine
804 2608 1006 2652 contra.
1033 2597 1368 2653 manifestum
1413 2602 1481 2655 est
1525 2602 1581 2654 in
1626 2599 1728 2655 hoc
1774 2619 1874 2657 ex-

200 2673 426 2743 emplo,
485 2693 647 2747 quam
713 2681 967 2751 egregie,
1033 2697 1162 2738 cum
1223 2684 1496 2757 dispendio
1539 2702 1736 2759 nempe
1784 2689 1874 2742 vi-

191 2758 336 2812 rium
369 2801 386 2828 ,
432 2774 682 2816 motuum
728 2765 977 2821 varietati
1020 2768 1363 2842 prospedium
1410 2770 1490 2826 sit.

276 2882 445 2942 Tom.
462 2887 586 2945 XV.
601 2888 740 2950 Nou.
754 2891 980 2951 Corum.
1231 2899 1289 2954 X
1320 2914 1357 2954 x
1381 2915 1419 2953 x
1644 2899 1865 2956 Tertius
