2402 3329
435 292 514 350 5Ξ
1005 276 1161 348 ··ἓ>·ἶὲ
1206 275 1227 343 (
1269 299 1306 340 0
1357 272 1378 352 )
1418 275 1571 346 &2030-

432 429 632 489 Polum
676 425 974 502 Eclipticae
1024 440 1078 482 et
1123 428 1309 484 zenith
1356 441 1553 484 verum
1610 428 1867 484 transiens
1901 419 2127 485 'definit

427 518 485 571 in
537 515 803 586 Ecliptica
860 515 1169 587 pumstum‚
1235 516 1379 587 quod
1449 513 1580 567 licet
1655 527 1836 565 minus
1906 520 2125 588 proprie

425 601 547 657 heic
595 600 857 673 punstum
907 600 1260 667 Nonagefimi
1307 615 1336 651 a
1381 599 1449 654 cl
1509 595 1748 650 Auctore
1778 600 2122 656 nominatum

422 690 541 741 fuit.
636 687 810 740 Huius
860 686 1029 754 igitur
1077 684 1268 738 Punsti
1320 683 1682 752 Longitudine
1736 695 1789 736 et
1838 682 2127 740 altitudine

417 771 642 827 definita
694 812 711 838 ‚
782 769 1113 842 fimpliclbus
1184 767 1430 821 maxime
1497 766 1751 821 formulis
1822 765 2129 831 Parallaxes

424 857 808 930 Longitudinis
849 869 903 910 et
945 854 1269 910 Latitudinis
1312 853 1658 908 determinari
1705 850 1932 925 poffunt.

627 1027 872 1081 Vlterius
915 1028 1079 1080 etiam
1126 1023 1230 1079 hoc
1285 1025 1340 1079 in
1414 1025 1726 1092 vulgaribus
1794 1020 2124 1094 Methodi5‚

421 1109 819 1178 Longitudines
865 1111 1114 1164 locorum
1161 1123 1229 1162 ex
1269 1108 1553 1176 eclipsibus
1588 1109 1728 1161 Solis
1767 1111 2118 1177 computandi

416 1199 625 1250 metito
671 1194 995 1250 defideratnr
1024 1236 1038 1261 ‚
1086 1197 1227 1266 quod
1277 1192 1634 1246 correstiones
1694 1190 2123 1247 Elementorum

415 1279 974 1346 Astronomicorum,
1033 1277 1414 1346 Longitudinis
1468 1288 1522 1328 et
1567 1277 1894 1329 Latitudinis
1935 1278 2124 1334 Lunae

415 1366 586 1421 modo
630 1364 784 1438 plane
829 1364 1081 1435 pei-uerso
1124 1361 1335 1417 definiri
1384 1359 1602 1425 soleant,
1645 1359 1847 1414 omissis
1881 1364 2116 1418 omnino

412 1447 859 1508 correctiunculis
886 1489 901 1516 ‚
970 1451 1161 1520 quibus
1200 1440 1494 1501 'Parallaxis
1536 1444 1723 1500 Lunae
1766 1458 1820 1498 et
1863 1447 2117 1503 diametri

411 1536 554 1595 Solis
594 1549 754 1609 atque
799 1534 983 1589 Lunae
1030 1535 1266 1601 indigere
1312 1530 1538 1605 possunt.
1592 1529 1676 1585 Cl.
1725 1545 1869 1585 vero
1899 1533 2117 1587 Austor

410 1622 586 1676 noster
618 1663 632 1689 ,
684 1635 788 1675 non
839 1618 1011 1673 solum
1057 1619 1316 1674 formulas
1360 1618 1520 1671 tradit
1556 1616 1838 1671 concinnas
1866 1655 1880 1682 ‚
1924 1618 2117 1686 quibus

407 1707 624 1762 effeetus
673 1706 869 1759 harum
913 1705 1316 1761 correctionum
1359 1703 1421 1757 ad
1466 1715 1685 1773 tempus
1719 1700 2112 1756 coniunctionis

407 1790 550 1849 Solis
590 1804 646 1846 et
690 1790 873 1844 Lunae
917 1791 1326 1845 immutandum
1369 1788 1703 1859 exprimitur
1735 1782 1767 1855 ‚'
1816 1787 1894 1841 sed
1938 1786 2107 1842 etiam

407 1878 641 1932 modum
672 1875 916 1947 'exponit
961 1892 1071 1949 quo
1113 1892 1181 1930 ex
1224 1875 1359 1928 binis
1403 1871 1819 1942 expressionibus
1846 1888 1946 1942 pro
1969 1883 2113 1927 tem·-

408 1977 542 2033 pore
593 1960 1008 2030 coniunstioniS,
1057 1977 1125 2014 ex
1167 1961 1442 2015 obseruato
1479 1958 1640 2012 initio
1663 1973 1717 2012 et
1745 1957 1855 2011 fine
1880 1954 2110 2029 Eclipfis

404 2049 648 2104 deductis
677 2088 693 2116 ,
740 2048 990 2116 aequatio
1043 2048 1355 2099 inueniatur
1401 2041 1490 2095 has
1546 2044 1897 2097 correc‘tiones
1968 2054 2110 2095 tam-

403 2147 570 2204 quam
632 2133 932 2200 incognitas
1002 2127 1329 2199 inuoluens'‚
1396 2141 1554 2197 atque
1599 2132 1732 2181 adeo
1772 2127 1997 2182 ostendit
2065 2126 2113 2186 fi.

403 2230 510 2273 tres
556 2214 873 2270 huiusmodi
941 2217 1277 2289 aequationes
1343 2211 1676 2281 habeantur,
1745 2211 2104 2267 correstioncs

400 2301 498 2356 has
542 2312 656 2353 tam
703 2302 886 2354 exacte
936 2302 1146 2354 definiri
1193 2300 1351 2370 posse,
1397 2312 1559 2367 quam
1606 2312 1701 2368 per
1739 2297 1875 2368 ipsos
1898 2311 2109 2350 errores.

402 2383 837 2443 obseruationum
882 2382 1004 2437 fieri
1050 2383 1191 2439 licet.

601 2556 706 2613 Pro
750 2557 872 2610 casu
917 2555 1137 2629 quidem
1186 2553 1440 2629 praesenti
1487 2548 1719 2625 Eclipfis
1756 2545 1894 2605 Solis
1933 2552 2099 2607 Auno

407 2647 570 2714 1769
598 2684 617 2711 ‚
660 2637 916 2698 vndec'im
964 2643 1193 2697 omnino
1242 2641 1557 2695 huiusmodi
1603 2639 1973 2707 aequatione5‚
2027 2651 2098 2691 ex

393 2729 621 2782 totidem
666 2721 1120 2783 obseruationibus
1170 2727 1314 2781 initii
1358 2740 1414 2780 et
1460 2724 1584 2780 finis
1634 2721 1861 2792 Eclipfis
1909 2722 1964 2776 in
2005 2720 2101 2775 iis-

401 2812 525 2867 dem
577 2811 709 2867 locis
761 2813 1018 2868 institutis
1062 2812 1315 2866 deductae
1359 2810 1520 2882 sunt,
1587 2825 1719 2877 quae
1777 2823 1965 2863 omnes
2007 2822 2103 2860 ex·

386 2911 539 2972 cepta
587 2899 745 2955 vnit-a
809 2914 881 2956 ex
921 2897 1372 2955 obseruationibus
1417 2893 1734 2955 Wardhufii
1800 2892 1950 2949 saetis
2004 2893 2097 2944 de-

1240 2994 1241 2997 ’
1939 2977 2101 3034 ἀυεΐῒει
