2402 3329
233 222 618 284 DESCRIPT.
652 218 826 277 PtSC.
859 223 906 277 E
936 218 1320 279 COREGON.
1343 220 1528 281 GEN‘
1550 236 1643 282 cte.
1700 239 1807 291 505·

150 377 393 432 dorsualis
436 373 763 447 principium
808 388 974 444 Vsque
1005 414 1020 441 ,
1083 373 1347 444 ipsiusque
1421 390 1651 443 margo,
1716 390 1821 445 quo

150 465 370 533 propior
422 460 546 513 huic
595 472 710 511 erat
744 497 761 527 9
805 473 868 510 eo
913 457 1360 524 acutior-‘fiebam
1410 474 1596 525 margo
1640 473 1824 512 autem

152 550 287 600 inter
334 540 737 615 pinnam‘dorfi
786 544 1022 612 primam
1071 556 1125 595 et
1170 546 1449 595 secundam
1500 543 1653 613 plane
1698 561 1820 596 con-

148 644 350 697 vexus,
410 630 543 680 inter
594 627 724 680 hanc
773 640 828 679 et
873 629 1089 681 caudam
1139 629 1243 680 fere
1293 626 1476 698 planus
1521 640 1646 680 erat.
1738 625 1824 679 Sic

147 727 355 782 quoque
418 713 648 766 latitudo
712 716 950 781 corporis
1017 728 1041 763 a
1091 713 1281 780 pinnae
1323 712 1575 764 dorsualis
1621 712 1830 782 primae

144 796 416 867 principio
459 799 518 849 ad
563 798 779 850 caudam
826 813 987 866 Vsque
1035 795 1235 848 iterum
1281 796 1614 850 decrescebat.
1716 791 1831 846 De·

116 881 420 933 'crescentia
504 892 683 934 tamen
762 882 852 933 ista
932 883 1070 933 inter
1136 892 1378 934 ant=cum
1451 893 1502 932 et
1567 880 1830 951 posticum

146 978 421 1034 Vtriusque
493 967 681 1035 pinnae
755 962 1009 1016 dorsualis
1083 965 1388 1028 marginem
1457 967 1638 1029 potior
1695 976 1827 1023 erat.

148 1048 343 1115 margo
389 1049 679 1100 abdominis
721 1062 747 1097 a
801 1059 986 1097 mento
1032 1044 1095 1094 ad
1143 1058 1377 1114 quatuor
1432 1060 1596 1115 Vsque
1658 1045 1825 1117 polli-

146 1148 229 1187 ces
272 1134 555 1183 retrosimus
625 1129 963 1194 eleuabatur,
1029 1128 1149 1178 inde
1197 1131 1264 1181 ad
1323 1132 1632 1195 marginem
1698 1130 1826 1182 basis

154 1218 339 1287 pinnae
387 1216 467 1267 ani
519 1213 766 1284 posticum
810 1228 973 1281 Vsque
1018 1209 1202 1263 sensim
1266 1212 1587 1266 decrescebat:
1615 1254 1629 1279 ,
1699 1212 1827 1266 hinc

152 1316 286 1354 ‘vero
318 1339 332 1364 ‚
375 1300 461 1351 sub
504 1297 698 1362 angulo
747 1295 893 1348 valde
939 1294 1121 1346 obtuso
1165 1296 1384 1347 eandem
1424 1296 1655 1351 deserens
1684 1336 1698 1362 ,
1752 1297 1823 1349 li-

148 1401 245 1438 nea
295 1385 461 1451 magis
508 1380 640 1433 recia
686 1382 738 1432 in
785 1379 1007 1430 caudam
1051 1379 1377 1432 excurrebat.
1467 1381 1616 1435 Idem
1655 1382 1822 1434 etiam

147 1467 439 1530 abdominis
486 1479 673 1532 margo
718 1460 899 1533 pinnas
944 1461 1235 1533 peetorales
1279 1480 1337 1518 ac
1392 1465 1662 1519 ventrales
1728 1465 1822 1519 in·-

148 1563 226 1604 ter
295 1549 546 1604 leuiffime
609 1564 923 1614 connexuS,
991 1549 1126 1603 circa
1193 1547 1520 1602 ventralium
1583 1551 1824 1605 insertio-

144 1650 270 1686 nem
340 1635 571 1705 planus,
641 1633 779 1687 inter
844 1633 935 1686 has
1001 1646 1055 1687 et
1119 1649 1287 1686 anum
1345 1635 1648 1688 notabiliter
1694 1651 1824 1687 con-

143 1731 310 1770 vexus
343 1757 358 1786 ‚
422 1719 558 1771 inter
621 1719 704 1771 ani
749 1717 970 1786 pinnam
1017 1734 1149 1772 vero
1192 1717 1516 1788 caudamque
1559 1723 1661 1773 fere
1707 1717 1822 1790 pla-

139 1817 239 1855 nus
307 1814 432 1855 erat.
562 1802 762 1856 Venter
828 1804 888 1858 ab
939 1805 1206 1857 anteriore
1250 1802 1540 1872 pinnarum
1586 1802 1823 1874 pestora-

143 1886 282 1937 lium
330 1888 542 1953 regione
582 1890 643 1940 ad
690 1889 874 1959 pinnas
944 1888 1209 1942 ventrales
1274 1903 1439 1959 vsque
1504 1889 1622 1942 satis
1682 1888 1821 1940 latus

146 1981 294 2034 erat,
362 1988 497 2038 pone
561 1970 649 2024 has
695 1988 828 2026 vero
871 1971 1033 2038 ipsius
1078 1972 1305 2022 latitudo
1346 1972 1406 2023 ad
1449 1973 1687 2041 corporis
1725 1987 1821 2024 ex-

150 2053 479 2106 tremitatem
524 2068 689 2120 vsque
739 2049 925 2101 sensim
972 2051 1262 2121 sensimque
1304 2053 1636 2108 decrescebat.

352 2218 516 2273 Color
561 2217 693 2272 dorsi
723 2261 737 2286 ,
782 2218 820 2271 fi
867 2218 1063 2289 piscem
1109 2236 1136 2273 a
1180 2222 1338 2277 cauda
1381 2233 1540 2293 caput
1594 2217 1820 2293 versus&

154 2318 206 2358 et
255 2319 441 2374 parum
486 2303 693 2374 oblique
739 2304 1020 2372 inspexeris
1049 2345 1063 2371 ‚
1106 2322 1172 2358 ex
1216 2297 1474 2361 coeruleo'
1512 2308 1776 2375 nigricans
1804 2349 1821 2378 ,
1864 2373 1869 2375 ‚

156 2389 353 2442 inuersa
423 2401 598 2442 autem
661 2388 862 2440 ratione
931 2405 999 2442 ex
1068 2391 1230 2444 viridi
1301 2392 1469 2445 fuscus
1523 2395 1819 2464 apparebat.

158 2473 342 2525 Latera
420 2471 650 2542 corporis
729 2472 858 2525 infra
933 2472 1128 2526 lineam
1211 2475 1654 2550 longitudinalem
1733 2479 1823 2532 sub

157 2557 312 2608 omni
344 2556 572 2626 adspectu
615 2575 642 2611 e
688 2555 878 2627 pallide
923 2559 1159 2613 caeruleo
1200 2573 1442 2628 argentea
1487 2574 1649 2614 erant.
1695 2559 1824 2616 Oris

156 2642 500 2706 extremitas,
545 2643 695 2709 regio
739 2643 930 2712 capitis
979 2644 1217 2715 superior
1248 2686 1263 2712 ,
1305 2660 1358 2701 et
1405 2648 1631 2716 pinnae,
1675 2662 1823 2715 prae—

155 2724 343 2777 sertim
390 2725 646 2779 dorsuales
689 2742 745 2788 ac
789 2729 1024 2796 caudae,
1100 2731 1152 2782 in
1198 2732 1551 2798 nigricantem
1601 2730 1859 2784 inclina-·

155 2808 318 2872 bant3
389 2809 567 2863 Facies<
627 2826 755 2863 vero
820 2815 1059 2884 corporis
1124 2813 1352 2870 inferior
1420 2815 1649 2885 vndique
1693 2814 1823 2871 alba.

238 2891 934 2953 Tom.XV.Nou.Comm.
1188 2899 1222 2959 S
1249 2917 1270 2955 s
1293 2917 1315 2954 s
1498 2949 1501 2951 ,
1715 2900 1820 2956 Iris
