<?xml version="1.0" encoding="UTF-8"?>
<!DOCTYPE html PUBLIC "-//W3C//DTD XHTML 1.0 Transitional//EN"
    "http://www.w3.org/TR/xhtml1/DTD/xhtml1-transitional.dtd">
<html xmlns="http://www.w3.org/1999/xhtml" xml:lang="en" lang="en">
 <head>
  <title>
</title>
<meta http-equiv="Content-Type" content="text/html;charset=utf-8" />
  <meta name='ocr-system' content='tesseract 3.04.00' />
  <meta name='ocr-capabilities' content='ocr_page ocr_carea ocr_par ocr_line ocrx_word'/>
</head>
<body>
  <div class='ocr_page' id='page_1' title='image "./novicommentariac15impe/novicommentariac15impe_0590.png"; bbox 0 0 2402 3329; ppageno 0'>
   <div class='ocr_carea' id='block_1_1' title="bbox 217 858 483 1170">
    <p class='ocr_par' dir='ltr' id='par_1_1' title="bbox 217 858 483 1170">
     <span class='ocr_line' id='line_1_1' title="bbox 218 858 427 910; baseline -0.033 0"><span class='ocrx_word' id='word_1_1' title='bbox 218 858 427 910; x_wconf 70' lang='lat' dir='ltr'><strong>Affinnes</strong></span> 
     </span>
     <span class='ocr_line' id='line_1_2' title="bbox 217 927 441 990; baseline -0.027 -16"><span class='ocrx_word' id='word_1_2' title='bbox 217 927 441 990; x_wconf 74' lang='lat' dir='ltr'><strong>specialio-</strong></span> 
     </span>
     <span class='ocr_line' id='line_1_3' title="bbox 218 995 483 1046; baseline -0.026 -7"><span class='ocrx_word' id='word_1_3' title='bbox 218 1009 304 1039; x_wconf 78' lang='lat' dir='ltr'><strong>res,</strong></span> <span class='ocrx_word' id='word_1_4' title='bbox 352 995 483 1046; x_wconf 72' lang='lat' dir='ltr'><strong>Rugi-</strong></span> 
     </span>
     <span class='ocr_line' id='line_1_4' title="bbox 219 1056 482 1106; baseline -0.03 0"><span class='ocrx_word' id='word_1_5' title='bbox 219 1070 304 1106; x_wconf 74' lang='grc' dir='ltr'><strong>ως.</strong></span> <span class='ocrx_word' id='word_1_6' title='bbox 360 1056 482 1100; x_wconf 83' lang='lat' dir='ltr'><strong>Dila-</strong></span> 
     </span>
     <span class='ocr_line' id='line_1_5' title="bbox 223 1125 398 1170; baseline -0.029 0"><span class='ocrx_word' id='word_1_7' title='bbox 223 1125 398 1170; x_wconf 79' lang='lat' dir='ltr'><strong>ceratio.</strong></span> 
     </span>
    </p>
   </div>
   <div class='ocr_carea' id='block_1_2' title="bbox 507 170 1793 258">
    <p class='ocr_par' dir='ltr' id='par_1_2' title="bbox 507 170 1793 258">
     <span class='ocr_line' id='line_1_6' title="bbox 507 170 1793 258; baseline -0.008 -14"><span class='ocrx_word' id='word_1_8' title='bbox 507 207 625 258; x_wconf 76' lang='lat'><strong>524</strong></span> <span class='ocrx_word' id='word_1_9' title='bbox 879 170 1793 242; x_wconf 70' lang='lat' dir='ltr'>OBSERVATIONES</span> 
     </span>
    </p>
   </div>
   <div class='ocr_carea' id='block_1_3' title="bbox 494 327 2185 748">
    <p class='ocr_par' dir='ltr' id='par_1_3' title="bbox 494 327 2185 748">
     <span class='ocr_line' id='line_1_7' title="bbox 494 327 2179 399; baseline -0.01 -1"><span class='ocrx_word' id='word_1_10' title='bbox 494 335 861 398; x_wconf 78' lang='lat' dir='ltr'><strong>determinatis</strong></span> <span class='ocrx_word' id='word_1_11' title='bbox 905 336 1139 391; x_wconf 84' lang='lat' dir='ltr'><strong>motibus</strong></span> <span class='ocrx_word' id='word_1_12' title='bbox 1183 332 1528 399; x_wconf 83' lang='lat' dir='ltr'><strong>exercendis;</strong></span> <span class='ocrx_word' id='word_1_13' title='bbox 1595 344 1717 382; x_wconf 83' lang='lat' dir='ltr'><strong>narn</strong></span> <span class='ocrx_word' id='word_1_14' title='bbox 1781 327 1842 381; x_wconf 80' lang='lat' dir='ltr'><strong>ad</strong></span> <span class='ocrx_word' id='word_1_15' title='bbox 1892 339 2077 397; x_wconf 79' lang='lat' dir='ltr'><strong>paucas</strong></span> <span class='ocrx_word' id='word_1_16' title='bbox 2120 343 2179 384; x_wconf 80' lang='lat' dir='ltr'><strong>ea</strong></span> 
     </span>
     <span class='ocr_line' id='line_1_8' title="bbox 494 410 2182 493; baseline -0.01 -10"><span class='ocrx_word' id='word_1_17' title='bbox 494 428 703 484; x_wconf 80' lang='lat' dir='ltr'><strong>ratione</strong></span> <span class='ocrx_word' id='word_1_18' title='bbox 751 422 1074 493; x_wconf 80' lang='lat' dir='ltr'><strong>compositas</strong></span> <span class='ocrx_word' id='word_1_19' title='bbox 1119 422 1349 477; x_wconf 63' lang='lat' dir='ltr'><strong>actiones</strong></span> <span class='ocrx_word' id='word_1_20' title='bbox 1393 416 1681 481; x_wconf 83' lang='lat' dir='ltr'><strong>redibunt,</strong></span> <span class='ocrx_word' id='word_1_21' title='bbox 1728 428 2059 484; x_wconf 68' lang='lat' dir='ltr'><strong>quascunque</strong></span> <span class='ocrx_word' id='word_1_22' title='bbox 2097 410 2182 466; x_wconf 79' lang='lat' dir='ltr'><strong>leo</strong></span> 
     </span>
     <span class='ocr_line' id='line_1_9' title="bbox 494 497 2182 578; baseline -0.009 -11"><span class='ocrx_word' id='word_1_23' title='bbox 494 510 741 567; x_wconf 89' lang='lat' dir='ltr'><strong>omnibus</strong></span> <span class='ocrx_word' id='word_1_24' title='bbox 791 510 866 561; x_wconf 91' lang='lat' dir='ltr'><strong>sui</strong></span> <span class='ocrx_word' id='word_1_25' title='bbox 923 509 1162 578; x_wconf 84' lang='lat' dir='ltr'><strong>corporis</strong></span> <span class='ocrx_word' id='word_1_26' title='bbox 1234 502 1488 557; x_wconf 86' lang='lat' dir='ltr'><strong>musculis</strong></span> <span class='ocrx_word' id='word_1_27' title='bbox 1560 497 1772 553; x_wconf 81' lang='lat' dir='ltr'><strong>efficere</strong></span> <span class='ocrx_word' id='word_1_28' title='bbox 1839 497 2037 568; x_wconf 82' lang='lat' dir='ltr'><strong>potest;</strong></span> <span class='ocrx_word' id='word_1_29' title='bbox 2102 498 2182 551; x_wconf 68' lang='lat' dir='ltr'><strong>sed</strong></span> 
     </span>
     <span class='ocr_line' id='line_1_10' title="bbox 495 581 2185 666; baseline -0.009 -17"><span class='ocrx_word' id='word_1_30' title='bbox 495 613 559 649; x_wconf 91' lang='lat' dir='ltr'><strong>eo</strong></span> <span class='ocrx_word' id='word_1_31' title='bbox 600 595 774 666; x_wconf 85' lang='lat' dir='ltr'><strong>aptior</strong></span> <span class='ocrx_word' id='word_1_32' title='bbox 818 607 1029 664; x_wconf 75' lang='lat' dir='ltr'><strong>quoque</strong></span> <span class='ocrx_word' id='word_1_33' title='bbox 1075 609 1130 644; x_wconf 81' lang='lat' dir='ltr'><strong>ea</strong></span> <span class='ocrx_word' id='word_1_34' title='bbox 1176 591 1365 644; x_wconf 82' lang='lat' dir='ltr'><strong>fabrica</strong></span> <span class='ocrx_word' id='word_1_35' title='bbox 1411 586 1530 640; x_wconf 84' lang='lat' dir='ltr'><strong>inde</strong></span> <span class='ocrx_word' id='word_1_36' title='bbox 1574 586 1751 638; x_wconf 85' lang='lat' dir='ltr'><strong>euadit</strong></span> <span class='ocrx_word' id='word_1_37' title='bbox 1777 582 2033 637; x_wconf 78' lang='lat' dir='ltr'><strong>maximis</strong></span> <span class='ocrx_word' id='word_1_38' title='bbox 2054 581 2185 634; x_wconf 46' lang='lat' dir='ltr'><strong>viria</strong></span> 
     </span>
     <span class='ocr_line' id='line_1_11' title="bbox 497 670 1651 748; baseline -0.009 -13"><span class='ocrx_word' id='word_1_39' title='bbox 497 683 594 735; x_wconf 85' lang='lat' dir='ltr'><strong>bus</strong></span> <span class='ocrx_word' id='word_1_40' title='bbox 634 679 925 734; x_wconf 80' lang='lat' dir='ltr'>exserendis</span> <span class='ocrx_word' id='word_1_41' title='bbox 955 719 969 748; x_wconf 74' lang='lat'>,</span> <span class='ocrx_word' id='word_1_42' title='bbox 1012 678 1093 731; x_wconf 82' lang='lat' dir='ltr'><strong>vti</strong></span> <span class='ocrx_word' id='word_1_43' title='bbox 1135 675 1392 730; x_wconf 88' lang='lat' dir='ltr'><strong>continuo</strong></span> <span class='ocrx_word' id='word_1_44' title='bbox 1437 670 1651 742; x_wconf 84' lang='lat' dir='ltr'><strong>patebit.</strong></span> 
     </span>
    </p>
   </div>
   <div class='ocr_carea' id='block_1_4' title="bbox 501 838 2228 2857">
    <p class='ocr_par' dir='ltr' id='par_1_4' title="bbox 501 838 2228 2857">
     <span class='ocr_line' id='line_1_12' title="bbox 686 838 2190 910; baseline -0.003 -13"><span class='ocrx_word' id='word_1_45' title='bbox 686 840 742 897; x_wconf 80' lang='lat' dir='ltr'><strong>Si</strong></span> <span class='ocrx_word' id='word_1_46' title='bbox 789 840 922 894; x_wconf 82' lang='lat' dir='ltr'><strong>alter</strong></span> <span class='ocrx_word' id='word_1_47' title='bbox 969 841 1171 895; x_wconf 86' lang='lat' dir='ltr'><strong>horum</strong></span> <span class='ocrx_word' id='word_1_48' title='bbox 1244 840 1614 895; x_wconf 85' lang='lat' dir='ltr'><strong>musculorum</strong></span> <span class='ocrx_word' id='word_1_49' title='bbox 1682 838 1838 906; x_wconf 64' lang='lat' dir='ltr'><strong>agit7</strong></span> <span class='ocrx_word' id='word_1_50' title='bbox 1905 852 2064 910; x_wconf 82' lang='lat' dir='ltr'><strong>caput</strong></span> <span class='ocrx_word' id='word_1_51' title='bbox 2129 839 2190 893; x_wconf 78' lang='lat' dir='ltr'><strong>ad</strong></span> 
     </span>
     <span class='ocr_line' id='line_1_13' title="bbox 501 918 2191 993; baseline -0.001 -15"><span class='ocrx_word' id='word_1_52' title='bbox 501 926 640 978; x_wconf 82' lang='lat' dir='ltr'><strong>latus</strong></span> <span class='ocrx_word' id='word_1_53' title='bbox 684 924 996 993; x_wconf 83' lang='lat' dir='ltr'><strong>oppositum</strong></span> <span class='ocrx_word' id='word_1_54' title='bbox 1048 923 1286 976; x_wconf 83' lang='lat' dir='ltr'><strong>reiicitur</strong></span> <span class='ocrx_word' id='word_1_55' title='bbox 1331 935 1386 972; x_wconf 92' lang='lat' dir='ltr'><strong>et</strong></span> <span class='ocrx_word' id='word_1_56' title='bbox 1433 923 1487 971; x_wconf 86' lang='lat' dir='ltr'><strong>in</strong></span> <span class='ocrx_word' id='word_1_57' title='bbox 1533 936 1596 970; x_wconf 86' lang='lat' dir='ltr'><strong>eo</strong></span> <span class='ocrx_word' id='word_1_58' title='bbox 1642 918 1743 973; x_wconf 70' lang='lat' dir='ltr'><strong>situ</strong></span> <span class='ocrx_word' id='word_1_59' title='bbox 1791 934 2017 976; x_wconf 85' lang='lat' dir='ltr'><strong>tenetur.</strong></span> <span class='ocrx_word' id='word_1_60' title='bbox 2104 924 2191 978; x_wconf 82' lang='lat' dir='ltr'><strong>Sic</strong></span> 
     </span>
     <span class='ocr_line' id='line_1_14' title="bbox 507 1004 2196 1074; baseline -0.001 -14"><span class='ocrx_word' id='word_1_61' title='bbox 507 1009 586 1060; x_wconf 85' lang='lat' dir='ltr'><strong>leo</strong></span> <span class='ocrx_word' id='word_1_62' title='bbox 642 1006 960 1074; x_wconf 86' lang='lat' dir='ltr'><strong>plerumque</strong></span> <span class='ocrx_word' id='word_1_63' title='bbox 1003 1006 1132 1058; x_wconf 87' lang='lat' dir='ltr'><strong>dum</strong></span> <span class='ocrx_word' id='word_1_64' title='bbox 1180 1004 1382 1056; x_wconf 81' lang='lat' dir='ltr'>incedit</span> <span class='ocrx_word' id='word_1_65' title='bbox 1421 1041 1434 1065; x_wconf 92' lang='lat'>,</span> <span class='ocrx_word' id='word_1_66' title='bbox 1479 1011 1635 1071; x_wconf 80' lang='lat' dir='ltr'><strong>caput</strong></span> <span class='ocrx_word' id='word_1_67' title='bbox 1685 1017 1868 1070; x_wconf 79' lang='lat' dir='ltr'><strong>gerere</strong></span> <span class='ocrx_word' id='word_1_68' title='bbox 1913 1006 2046 1059; x_wconf 70' lang='lat' dir='ltr'><strong>solet</strong></span> <span class='ocrx_word' id='word_1_69' title='bbox 2073 1047 2088 1070; x_wconf 86' lang='lat'>‚</span> <span class='ocrx_word' id='word_1_70' title='bbox 2142 1018 2196 1058; x_wconf 89' lang='lat' dir='ltr'><strong>et</strong></span> 
     </span>
     <span class='ocr_line' id='line_1_15' title="bbox 505 1085 2198 1166; baseline -0.003 -21"><span class='ocrx_word' id='word_1_71' title='bbox 505 1092 764 1166; x_wconf 73' lang='lat' dir='ltr'><strong>peculiari</strong></span> <span class='ocrx_word' id='word_1_72' title='bbox 813 1091 984 1158; x_wconf 83' lang='lat' dir='ltr'><strong>igitur</strong></span> <span class='ocrx_word' id='word_1_73' title='bbox 1036 1087 1284 1142; x_wconf 85' lang='lat' dir='ltr'><strong>musculo</strong></span> <span class='ocrx_word' id='word_1_74' title='bbox 1328 1086 1497 1141; x_wconf 84' lang='lat' dir='ltr'><strong>leonis</strong></span> <span class='ocrx_word' id='word_1_75' title='bbox 1544 1085 1668 1137; x_wconf 80' lang='lat' dir='ltr'><strong>haec</strong></span> <span class='ocrx_word' id='word_1_76' title='bbox 1739 1090 1953 1157; x_wconf 81' lang='lat' dir='ltr'><strong>propria</strong></span> <span class='ocrx_word' id='word_1_77' title='bbox 2019 1089 2198 1142; x_wconf 87' lang='lat' dir='ltr'><strong>eidem</strong></span> 
     </span>
     <span class='ocr_line' id='line_1_16' title="bbox 507 1167 2203 1241; baseline -0.005 -8"><span class='ocrx_word' id='word_1_78' title='bbox 507 1178 647 1233; x_wconf 66' lang='lat' dir='ltr'><strong>aetio</strong></span> <span class='ocrx_word' id='word_1_79' title='bbox 689 1176 916 1231; x_wconf 85' lang='lat' dir='ltr'><strong>debetur.</strong></span> <span class='ocrx_word' id='word_1_80' title='bbox 1002 1174 1056 1230; x_wconf 89' lang='lat' dir='ltr'><strong>Si</strong></span> <span class='ocrx_word' id='word_1_81' title='bbox 1105 1175 1265 1229; x_wconf 86' lang='lat' dir='ltr'><strong>ambo</strong></span> <span class='ocrx_word' id='word_1_82' title='bbox 1312 1170 1537 1225; x_wconf 90' lang='lat' dir='ltr'><strong>musculi</strong></span> <span class='ocrx_word' id='word_1_83' title='bbox 1588 1167 1749 1223; x_wconf 86' lang='lat' dir='ltr'><strong>simul</strong></span> <span class='ocrx_word' id='word_1_84' title='bbox 1808 1187 2011 1241; x_wconf 79' lang='lat' dir='ltr'><strong>agunt,</strong></span> <span class='ocrx_word' id='word_1_85' title='bbox 2074 1172 2203 1228; x_wconf 91' lang='lat' dir='ltr'><strong>col-</strong></span> 
     </span>
     <span class='ocr_line' id='line_1_17' title="bbox 509 1257 2206 1332; baseline -0.004 -14"><span class='ocrx_word' id='word_1_86' title='bbox 509 1264 630 1318; x_wconf 86' lang='lat' dir='ltr'><strong>lum</strong></span> <span class='ocrx_word' id='word_1_87' title='bbox 678 1262 898 1331; x_wconf 84' lang='lat' dir='ltr'><strong>rigescit</strong></span> <span class='ocrx_word' id='word_1_88' title='bbox 938 1271 994 1312; x_wconf 85' lang='lat' dir='ltr'><strong>et</strong></span> <span class='ocrx_word' id='word_1_89' title='bbox 1039 1271 1201 1332; x_wconf 89' lang='lat' dir='ltr'><strong>caput</strong></span> <span class='ocrx_word' id='word_1_90' title='bbox 1241 1258 1499 1312; x_wconf 85' lang='lat' dir='ltr'><strong>eleuatur.</strong></span> <span class='ocrx_word' id='word_1_91' title='bbox 1608 1258 1748 1310; x_wconf 84' lang='lat' dir='ltr'><strong>Eam</strong></span> <span class='ocrx_word' id='word_1_92' title='bbox 1798 1258 2067 1312; x_wconf 70' lang='lat' dir='ltr'><strong>actionem</strong></span> <span class='ocrx_word' id='word_1_93' title='bbox 2117 1257 2206 1329; x_wconf 84' lang='lat' dir='ltr'><strong>leo</strong></span> 
     </span>
     <span class='ocr_line' id='line_1_18' title="bbox 512 1342 2206 1414; baseline -0.002 -13"><span class='ocrx_word' id='word_1_94' title='bbox 512 1347 708 1401; x_wconf 84' lang='lat' dir='ltr'><strong>exserit</strong></span> <span class='ocrx_word' id='word_1_95' title='bbox 742 1388 756 1413; x_wconf 87' lang='lat'>‚</span> <span class='ocrx_word' id='word_1_96' title='bbox 799 1347 932 1400; x_wconf 89' lang='lat' dir='ltr'><strong>dum</strong></span> <span class='ocrx_word' id='word_1_97' title='bbox 982 1346 1146 1413; x_wconf 83' lang='lat' dir='ltr'><strong>rugit.</strong></span> <span class='ocrx_word' id='word_1_98' title='bbox 1238 1342 1493 1414; x_wconf 56' lang='lat' dir='ltr'><strong>Denique,</strong></span> <span class='ocrx_word' id='word_1_99' title='bbox 1532 1342 1711 1394; x_wconf 82' lang='lat' dir='ltr'><strong>eadem</strong></span> <span class='ocrx_word' id='word_1_100' title='bbox 1757 1342 1962 1397; x_wconf 62' lang='lat' dir='ltr'><strong>afflone</strong></span> <span class='ocrx_word' id='word_1_101' title='bbox 2004 1357 2059 1397; x_wconf 93' lang='lat' dir='ltr'><strong>et</strong></span> <span class='ocrx_word' id='word_1_102' title='bbox 2086 1356 2206 1398; x_wconf 86' lang='lat' dir='ltr'><strong>toto</strong></span> 
     </span>
     <span class='ocr_line' id='line_1_19' title="bbox 513 1428 2204 1501; baseline -0.004 -13"><span class='ocrx_word' id='word_1_103' title='bbox 513 1430 892 1489; x_wconf 89' lang='lat' dir='ltr'><strong>musculorum</strong></span> <span class='ocrx_word' id='word_1_104' title='bbox 938 1431 1176 1501; x_wconf 88' lang='lat' dir='ltr'><strong>superius</strong></span> <span class='ocrx_word' id='word_1_105' title='bbox 1221 1428 1488 1484; x_wconf 71' lang='lat' dir='ltr'><strong>dic&#39;terum</strong></span> <span class='ocrx_word' id='word_1_106' title='bbox 1535 1439 1784 1498; x_wconf 77' lang='lat' dir='ltr'><strong>apparatu</strong></span> <span class='ocrx_word' id='word_1_107' title='bbox 1835 1429 2025 1497; x_wconf 64' lang='lat' dir='ltr'><strong>mitur,</strong></span> <span class='ocrx_word' id='word_1_108' title='bbox 2069 1430 2204 1483; x_wconf 89' lang='lat' dir='ltr'><strong>dum</strong></span> 
     </span>
     <span class='ocr_line' id='line_1_20' title="bbox 514 1511 2207 1587; baseline -0.005 -15"><span class='ocrx_word' id='word_1_109' title='bbox 514 1518 720 1587; x_wconf 84' lang='lat' dir='ltr'><strong>aliquid</strong></span> <span class='ocrx_word' id='word_1_110' title='bbox 766 1518 1016 1572; x_wconf 86' lang='lat' dir='ltr'><strong>dilacerat</strong></span> <span class='ocrx_word' id='word_1_111' title='bbox 1062 1529 1153 1569; x_wconf 88' lang='lat' dir='ltr'><strong>aut</strong></span> <span class='ocrx_word' id='word_1_112' title='bbox 1211 1515 1518 1585; x_wconf 83' lang='lat' dir='ltr'><strong>disrumpit.</strong></span> <span class='ocrx_word' id='word_1_113' title='bbox 1635 1511 1866 1581; x_wconf 86' lang='lat' dir='ltr'><strong>Vngulis</strong></span> <span class='ocrx_word' id='word_1_114' title='bbox 1933 1517 2084 1570; x_wconf 81' lang='lat' dir='ltr'><strong>enim</strong></span> <span class='ocrx_word' id='word_1_115' title='bbox 2150 1513 2207 1568; x_wconf 79' lang='lat' dir='ltr'><strong>et</strong></span> 
     </span>
     <span class='ocr_line' id='line_1_21' title="bbox 513 1593 2209 1672; baseline -0.005 -15"><span class='ocrx_word' id='word_1_116' title='bbox 513 1603 757 1657; x_wconf 81' lang='lat' dir='ltr'><strong>dentibus</strong></span> <span class='ocrx_word' id='word_1_117' title='bbox 803 1593 953 1657; x_wconf 79' lang='lat' dir='ltr'><strong>dum¹</strong></span> <span class='ocrx_word' id='word_1_118' title='bbox 980 1599 1066 1653; x_wconf 93' lang='lat' dir='ltr'><strong>leo</strong></span> <span class='ocrx_word' id='word_1_119' title='bbox 1111 1601 1357 1672; x_wconf 76' lang='lat' dir='ltr'><strong>praedam</strong></span> <span class='ocrx_word' id='word_1_120' title='bbox 1407 1597 1641 1666; x_wconf 87' lang='lat' dir='ltr'><strong>arripit,</strong></span> <span class='ocrx_word' id='word_1_121' title='bbox 1688 1599 1931 1671; x_wconf 78' lang='lat' dir='ltr'><strong>pedibUS‚</strong></span> <span class='ocrx_word' id='word_1_122' title='bbox 1977 1601 2209 1666; x_wconf 81' lang='lat' dir='ltr'><strong>adeoque</strong></span> 
     </span>
     <span class='ocr_line' id='line_1_22' title="bbox 518 1681 2212 1755; baseline -0.004 -15"><span class='ocrx_word' id='word_1_123' title='bbox 518 1688 579 1740; x_wconf 79' lang='lat' dir='ltr'><strong>vi</strong></span> <span class='ocrx_word' id='word_1_124' title='bbox 623 1687 847 1739; x_wconf 82' lang='lat' dir='ltr'><strong>anconei</strong></span> <span class='ocrx_word' id='word_1_125' title='bbox 898 1684 1077 1751; x_wconf 81' lang='lat' dir='ltr'><strong>magni</strong></span> <span class='ocrx_word' id='word_1_126' title='bbox 1124 1684 1258 1736; x_wconf 84' lang='lat' dir='ltr'><strong>lianc</strong></span> <span class='ocrx_word' id='word_1_127' title='bbox 1304 1685 1367 1734; x_wconf 89' lang='lat' dir='ltr'><strong>ad</strong></span> <span class='ocrx_word' id='word_1_128' title='bbox 1419 1681 1595 1736; x_wconf 86' lang='lat' dir='ltr'><strong>solum</strong></span> <span class='ocrx_word' id='word_1_129' title='bbox 1646 1682 1932 1750; x_wconf 88' lang='lat' dir='ltr'><strong>deprimit,</strong></span> <span class='ocrx_word' id='word_1_130' title='bbox 1973 1681 2212 1755; x_wconf 61' lang='lat' dir='ltr'><strong>erectore</strong></span> 
     </span>
     <span class='ocr_line' id='line_1_23' title="bbox 519 1762 2208 1836; baseline -0.006 -12"><span class='ocrx_word' id='word_1_131' title='bbox 519 1782 702 1824; x_wconf 83' lang='lat' dir='ltr'><strong>autem</strong></span> <span class='ocrx_word' id='word_1_132' title='bbox 747 1770 969 1823; x_wconf 88' lang='lat' dir='ltr'><strong>ceruicis</strong></span> <span class='ocrx_word' id='word_1_133' title='bbox 1020 1780 1273 1836; x_wconf 85' lang='lat' dir='ltr'><strong>partem,</strong></span> <span class='ocrx_word' id='word_1_134' title='bbox 1326 1766 1564 1819; x_wconf 81' lang='lat' dir='ltr'><strong>dentibus</strong></span> <span class='ocrx_word' id='word_1_135' title='bbox 1607 1762 1955 1834; x_wconf 81' lang='lat' dir='ltr'><strong>prehensam,</strong></span> <span class='ocrx_word' id='word_1_136' title='bbox 2000 1765 2208 1818; x_wconf 89' lang='lat' dir='ltr'><strong>sursum</strong></span> 
     </span>
     <span class='ocr_line' id='line_1_24' title="bbox 523 1848 2210 1923; baseline -0.005 -14"><span class='ocrx_word' id='word_1_137' title='bbox 523 1854 707 1918; x_wconf 86' lang='lat' dir='ltr'><strong>ducit,</strong></span> <span class='ocrx_word' id='word_1_138' title='bbox 753 1870 855 1923; x_wconf 85' lang='lat' dir='ltr'><strong>qua</strong></span> <span class='ocrx_word' id='word_1_139' title='bbox 899 1853 1104 1907; x_wconf 70' lang='lat' dir='ltr'><strong>actione</strong></span> <span class='ocrx_word' id='word_1_140' title='bbox 1148 1851 1244 1906; x_wconf 84' lang='lat' dir='ltr'><strong>vix</strong></span> <span class='ocrx_word' id='word_1_141' title='bbox 1287 1850 1383 1903; x_wconf 82' lang='lat' dir='ltr'><strong>effe</strong></span> <span class='ocrx_word' id='word_1_142' title='bbox 1429 1848 1681 1904; x_wconf 83' lang='lat' dir='ltr'><strong>existimo</strong></span> <span class='ocrx_word' id='word_1_143' title='bbox 1711 1887 1725 1912; x_wconf 90' lang='lat'><strong>‚</strong></span> <span class='ocrx_word' id='word_1_144' title='bbox 1767 1850 1908 1919; x_wconf 85' lang='lat' dir='ltr'><strong>quod</strong></span> <span class='ocrx_word' id='word_1_145' title='bbox 1955 1866 2058 1902; x_wconf 91' lang='lat' dir='ltr'><strong>non</strong></span> <span class='ocrx_word' id='word_1_146' title='bbox 2103 1849 2210 1902; x_wconf 75' lang='lat' dir='ltr'><strong>dis-</strong></span> 
     </span>
     <span class='ocr_line' id='line_1_25' title="bbox 525 1932 2214 2005; baseline -0.005 -12"><span class='ocrx_word' id='word_1_147' title='bbox 525 1952 785 2005; x_wconf 83' lang='lat' dir='ltr'><strong>rumpere</strong></span> <span class='ocrx_word' id='word_1_148' title='bbox 851 1949 941 1988; x_wconf 87' lang='lat' dir='ltr'><strong>aut</strong></span> <span class='ocrx_word' id='word_1_149' title='bbox 1010 1935 1314 2001; x_wconf 87' lang='lat' dir='ltr'><strong>diffringere</strong></span> <span class='ocrx_word' id='word_1_150' title='bbox 1358 1933 1531 1999; x_wconf 76' lang='lat' dir='ltr'><strong>possit,</strong></span> <span class='ocrx_word' id='word_1_151' title='bbox 1575 1944 1630 1982; x_wconf 87' lang='lat' dir='ltr'><strong>et</strong></span> <span class='ocrx_word' id='word_1_152' title='bbox 1675 1947 1835 1998; x_wconf 79' lang='lat' dir='ltr'><strong>quam</strong></span> <span class='ocrx_word' id='word_1_153' title='bbox 1879 1932 2044 1983; x_wconf 87' lang='lat' dir='ltr'><strong>etiam</strong></span> <span class='ocrx_word' id='word_1_154' title='bbox 2073 1932 2214 1985; x_wconf 81' lang='lat' dir='ltr'><strong>inter</strong></span> 
     </span>
     <span class='ocr_line' id='line_1_26' title="bbox 527 2010 2214 2088; baseline -0.005 -12"><span class='ocrx_word' id='word_1_155' title='bbox 527 2036 711 2076; x_wconf 87' lang='lat' dir='ltr'><strong>omnes</strong></span> <span class='ocrx_word' id='word_1_156' title='bbox 742 2060 756 2086; x_wconf 88' lang='lat'><strong>,</strong></span> <span class='ocrx_word' id='word_1_157' title='bbox 801 2035 929 2088; x_wconf 81' lang='lat' dir='ltr'><strong>quas</strong></span> <span class='ocrx_word' id='word_1_158' title='bbox 972 2018 1211 2071; x_wconf 79' lang='lat' dir='ltr'><strong>exserere</strong></span> <span class='ocrx_word' id='word_1_159' title='bbox 1257 2015 1448 2084; x_wconf 87' lang='lat' dir='ltr'><strong>potest,</strong></span> <span class='ocrx_word' id='word_1_160' title='bbox 1496 2010 1874 2066; x_wconf 75' lang='lat' dir='ltr'><strong>validissimam</strong></span> <span class='ocrx_word' id='word_1_161' title='bbox 1919 2013 2017 2066; x_wconf 83' lang='lat' dir='ltr'><strong>esse</strong></span> <span class='ocrx_word' id='word_1_162' title='bbox 2038 2019 2214 2070; x_wconf 87' lang='lat' dir='ltr'><strong>credo.</strong></span> 
     </span>
     <span class='ocr_line' id='line_1_27' title="bbox 529 2095 2218 2162; baseline -0.005 0"><span class='ocrx_word' id='word_1_163' title='bbox 529 2105 682 2162; x_wconf 88' lang='lat' dir='ltr'><strong>Nam</strong></span> <span class='ocrx_word' id='word_1_164' title='bbox 731 2104 841 2160; x_wconf 90' lang='lat' dir='ltr'><strong>bini</strong></span> <span class='ocrx_word' id='word_1_165' title='bbox 888 2102 947 2155; x_wconf 91' lang='lat' dir='ltr'><strong>hi</strong></span> <span class='ocrx_word' id='word_1_166' title='bbox 996 2101 1228 2155; x_wconf 88' lang='lat' dir='ltr'><strong>musculi</strong></span> <span class='ocrx_word' id='word_1_167' title='bbox 1275 2097 1481 2153; x_wconf 72' lang='lat' dir='ltr'><strong>erec‘tor</strong></span> <span class='ocrx_word' id='word_1_168' title='bbox 1549 2095 1770 2149; x_wconf 85' lang='lat' dir='ltr'><strong>ceruicis</strong></span> <span class='ocrx_word' id='word_1_169' title='bbox 1838 2110 1892 2152; x_wconf 90' lang='lat' dir='ltr'><strong>et</strong></span> <span class='ocrx_word' id='word_1_170' title='bbox 1954 2115 2218 2155; x_wconf 83' lang='lat' dir='ltr'><strong>anconeus</strong></span> 
     </span>
     <span class='ocr_line' id='line_1_28' title="bbox 532 2182 2219 2259; baseline -0.001 -14"><span class='ocrx_word' id='word_1_171' title='bbox 532 2204 792 2258; x_wconf 85' lang='lat' dir='ltr'><strong>magnus,</strong></span> <span class='ocrx_word' id='word_1_172' title='bbox 839 2189 1121 2259; x_wconf 81' lang='lat' dir='ltr'><strong>praecipue</strong></span> <span class='ocrx_word' id='word_1_173' title='bbox 1169 2187 1255 2241; x_wconf 88' lang='lat' dir='ltr'><strong>liic</strong></span> <span class='ocrx_word' id='word_1_174' title='bbox 1303 2182 1557 2255; x_wconf 87' lang='lat' dir='ltr'><strong>posterior</strong></span> <span class='ocrx_word' id='word_1_175' title='bbox 1586 2220 1600 2245; x_wconf 90' lang='lat'>‚</span> <span class='ocrx_word' id='word_1_176' title='bbox 1666 2182 1758 2249; x_wconf 89' lang='lat' dir='ltr'><strong>qui</strong></span> <span class='ocrx_word' id='word_1_177' title='bbox 1818 2184 2111 2240; x_wconf 66' lang='lat' dir='ltr'><strong>erectorem</strong></span> <span class='ocrx_word' id='word_1_178' title='bbox 2160 2189 2219 2243; x_wconf 85' lang='lat' dir='ltr'><strong>vi</strong></span> 
     </span>
     <span class='ocr_line' id='line_1_29' title="bbox 532 2265 2221 2349; baseline -0.001 -21"><span class='ocrx_word' id='word_1_179' title='bbox 532 2274 694 2349; x_wconf 83' lang='lat' dir='ltr'><strong>longe</strong></span> <span class='ocrx_word' id='word_1_180' title='bbox 741 2273 1062 2344; x_wconf 85' lang='lat' dir='ltr'><strong>praecellit,</strong></span> <span class='ocrx_word' id='word_1_181' title='bbox 1108 2271 1213 2325; x_wconf 88' lang='lat' dir='ltr'><strong>sine</strong></span> <span class='ocrx_word' id='word_1_182' title='bbox 1266 2270 1426 2322; x_wconf 89' lang='lat' dir='ltr'><strong>dubio</strong></span> <span class='ocrx_word' id='word_1_183' title='bbox 1496 2265 1834 2321; x_wconf 73' lang='lat' dir='ltr'><strong>robustissimi</strong></span> <span class='ocrx_word' id='word_1_184' title='bbox 1900 2270 2022 2323; x_wconf 89' lang='lat' dir='ltr'><strong>sunt</strong></span> <span class='ocrx_word' id='word_1_185' title='bbox 2084 2271 2221 2327; x_wconf 80' lang='lat' dir='ltr'><strong>inter</strong></span> 
     </span>
     <span class='ocr_line' id='line_1_30' title="bbox 537 2350 2224 2430; baseline 0.001 -19"><span class='ocrx_word' id='word_1_186' title='bbox 537 2372 764 2426; x_wconf 77' lang='lat' dir='ltr'><strong>omne5‚</strong></span> <span class='ocrx_word' id='word_1_187' title='bbox 809 2374 941 2429; x_wconf 86' lang='lat' dir='ltr'><strong>quos</strong></span> <span class='ocrx_word' id='word_1_188' title='bbox 983 2359 1039 2409; x_wconf 87' lang='lat' dir='ltr'><strong>in</strong></span> <span class='ocrx_word' id='word_1_189' title='bbox 1088 2371 1310 2430; x_wconf 87' lang='lat' dir='ltr'><strong>corpore</strong></span> <span class='ocrx_word' id='word_1_190' title='bbox 1358 2352 1526 2408; x_wconf 89' lang='lat' dir='ltr'><strong>leonis</strong></span> <span class='ocrx_word' id='word_1_191' title='bbox 1595 2350 1848 2409; x_wconf 75' lang='lat' dir='ltr'><strong>inuenias.</strong></span> <span class='ocrx_word' id='word_1_192' title='bbox 1954 2355 2224 2412; x_wconf 82' lang='lat' dir='ltr'><strong>Praeterea</strong></span> 
     </span>
     <span class='ocr_line' id='line_1_31' title="bbox 538 2435 2223 2514; baseline -0.001 -17"><span class='ocrx_word' id='word_1_193' title='bbox 538 2444 612 2497; x_wconf 88' lang='lat' dir='ltr'><strong>ita</strong></span> <span class='ocrx_word' id='word_1_194' title='bbox 658 2458 874 2514; x_wconf 91' lang='lat' dir='ltr'><strong>quoque</strong></span> <span class='ocrx_word' id='word_1_195' title='bbox 919 2442 1206 2512; x_wconf 80' lang='lat' dir='ltr'><strong>compositi</strong></span> <span class='ocrx_word' id='word_1_196' title='bbox 1255 2445 1372 2496; x_wconf 91' lang='lat' dir='ltr'><strong>sunt</strong></span> <span class='ocrx_word' id='word_1_197' title='bbox 1419 2436 1470 2489; x_wconf 88' lang='lat' dir='ltr'><strong>hi</strong></span> <span class='ocrx_word' id='word_1_198' title='bbox 1520 2435 1782 2506; x_wconf 79' lang='lat' dir='ltr'><strong>musculi,</strong></span> <span class='ocrx_word' id='word_1_199' title='bbox 1851 2450 1912 2492; x_wconf 87' lang='lat' dir='ltr'><strong>vt</strong></span> <span class='ocrx_word' id='word_1_200' title='bbox 1982 2457 2049 2493; x_wconf 87' lang='lat' dir='ltr'><strong>ex</strong></span> <span class='ocrx_word' id='word_1_201' title='bbox 2118 2444 2223 2514; x_wconf 77' lang='lat' dir='ltr'><strong>ipsa</strong></span> 
     </span>
     <span class='ocr_line' id='line_1_32' title="bbox 541 2520 2220 2600; baseline 0.001 -18"><span class='ocrx_word' id='word_1_202' title='bbox 541 2527 946 2600; x_wconf 78' lang='lat' dir='ltr'><strong>compositionis</strong></span> <span class='ocrx_word' id='word_1_203' title='bbox 1009 2529 1216 2582; x_wconf 89' lang='lat' dir='ltr'><strong>ratione</strong></span> <span class='ocrx_word' id='word_1_204' title='bbox 1276 2520 1529 2591; x_wconf 79' lang='lat' dir='ltr'><strong>singulari</strong></span> <span class='ocrx_word' id='word_1_205' title='bbox 1602 2524 1764 2576; x_wconf 85' lang='lat' dir='ltr'><strong>modo</strong></span> <span class='ocrx_word' id='word_1_206' title='bbox 1827 2524 2042 2595; x_wconf 80' lang='lat' dir='ltr'><strong>aliquod</strong></span> <span class='ocrx_word' id='word_1_207' title='bbox 2109 2527 2220 2582; x_wconf 80' lang='lat' dir='ltr'><strong>illis</strong></span> 
     </span>
     <span class='ocr_line' id='line_1_33' title="bbox 544 2604 2224 2682; baseline -0.002 -14"><span class='ocrx_word' id='word_1_208' title='bbox 544 2614 757 2668; x_wconf 72' lang='lat' dir='ltr'><strong>virium</strong></span> <span class='ocrx_word' id='word_1_209' title='bbox 810 2624 1168 2682; x_wconf 83' lang='lat' dir='ltr'><strong>augmentum</strong></span> <span class='ocrx_word' id='word_1_210' title='bbox 1214 2609 1436 2664; x_wconf 80' lang='lat' dir='ltr'><strong>accedat.</strong></span> <span class='ocrx_word' id='word_1_211' title='bbox 1529 2604 1684 2659; x_wconf 89' lang='lat' dir='ltr'><strong>Dum</strong></span> <span class='ocrx_word' id='word_1_212' title='bbox 1741 2610 1887 2662; x_wconf 86' lang='lat' dir='ltr'><strong>enim</strong></span> <span class='ocrx_word' id='word_1_213' title='bbox 1955 2613 2224 2682; x_wconf 60' lang='lat' dir='ltr'><strong>punitum</strong></span> 
     </span>
     <span class='ocr_line' id='line_1_34' title="bbox 545 2689 2228 2765; baseline -0.001 -14"><span class='ocrx_word' id='word_1_214' title='bbox 545 2697 728 2751; x_wconf 81' lang='lat' dir='ltr'><strong>fixum</strong></span> <span class='ocrx_word' id='word_1_215' title='bbox 772 2698 1021 2753; x_wconf 65' lang='lat' dir='ltr'><strong>erestoris</strong></span> <span class='ocrx_word' id='word_1_216' title='bbox 1068 2697 1250 2765; x_wconf 88' lang='lat' dir='ltr'><strong>magni</strong></span> <span class='ocrx_word' id='word_1_217' title='bbox 1292 2691 1510 2748; x_wconf 89' lang='lat' dir='ltr'><strong>ceruicis</strong></span> <span class='ocrx_word' id='word_1_218' title='bbox 1553 2689 1649 2744; x_wconf 88' lang='lat' dir='ltr'><strong>soli</strong></span> <span class='ocrx_word' id='word_1_219' title='bbox 1693 2691 1909 2747; x_wconf 29' lang='lat' dir='ltr'><strong>flexorisr</strong></span> <span class='ocrx_word' id='word_1_220' title='bbox 1950 2698 2113 2753; x_wconf 88' lang='lat' dir='ltr'><strong>cubiti</strong></span> <span class='ocrx_word' id='word_1_221' title='bbox 2172 2708 2228 2751; x_wconf 87' lang='lat' dir='ltr'><strong>et</strong></span> 
     </span>
     <span class='ocr_line' id='line_1_35' title="bbox 550 2774 2227 2857; baseline -0.003 -20"><span class='ocrx_word' id='word_1_222' title='bbox 550 2781 828 2857; x_wconf 83' lang='lat' dir='ltr'><strong>praecipue</strong></span> <span class='ocrx_word' id='word_1_223' title='bbox 894 2781 1116 2837; x_wconf 83' lang='lat' dir='ltr'><strong>anconei</strong></span> <span class='ocrx_word' id='word_1_224' title='bbox 1185 2776 1369 2849; x_wconf 82' lang='lat' dir='ltr'><strong>magni</strong></span> <span class='ocrx_word' id='word_1_225' title='bbox 1437 2774 1633 2833; x_wconf 64' lang='lat' dir='ltr'><strong>actioni</strong></span> <span class='ocrx_word' id='word_1_226' title='bbox 1698 2778 1957 2834; x_wconf 84' lang='lat' dir='ltr'><strong>innititur</strong></span> <span class='ocrx_word' id='word_1_227' title='bbox 2012 2803 2028 2852; x_wconf 73' lang='lat'>3</span> <span class='ocrx_word' id='word_1_228' title='bbox 2125 2782 2227 2835; x_wconf 80' lang='lat' dir='ltr'><strong>hoe</strong></span> 
     </span>
    </p>
   </div>
   <div class='ocr_carea' id='block_1_5' title="bbox 2091 2880 2232 2939">
    <p class='ocr_par' dir='ltr' id='par_1_5' title="bbox 2091 2880 2232 2939">
     <span class='ocr_line' id='line_1_36' title="bbox 2091 2880 2232 2939; baseline -0.014 -21"><span class='ocrx_word' id='word_1_229' title='bbox 2091 2880 2232 2939; x_wconf 71' lang='lat' dir='ltr'>Pun-</span> 
     </span>
    </p>
   </div>
  </div>
 </body>
</html>
