2402 3329
487 206 1035 275 FLVIDORVM
1108 205 1526 266 LINEARI.
1723 223 1838 278 295

696 354 1108 442 CorolL
1223 380 1288 431 2.

355 496 445 553 85.
492 486 652 546 Circa
701 487 984 560 preffiones
1029 492 1211 542 autem
1259 485 1316 539 in
1361 485 1474 541 tubi
1540 496 1688 560 parte
1758 483 1845 538 in-

153 575 333 632 feriori
372 573 527 642 ΒΟ,
573 573 677 628 hoc
722 576 840 629 casu
886 571 1228 644 potissimum
1296 570 1561 626 obseruari
1632 586 1842 628 conue-

150 662 232 714 nit
260 700 275 728 ‚
316 674 400 712 eas
442 675 548 712 non
594 656 768 713 solum
819 655 965 710 vltra
1006 655 1038 710 k
1082 655 1369 723 diminui,
1413 657 1493 710 sed
1537 658 1702 711 etiam
1754 671 1847 708 ne-

149 745 353 814 gatiuas
399 740 518 796 fieri
563 740 719 812 poffe.
837 741 894 798 Si
940 739 1089 794 enim
1135 739 1296 795 sedtio
1340 755 1376 792 z
1403 755 1533 794 v:
1561 758 1599 794 ω
1654 755 1845 811 aequa-

150 824 218 882 lis
277 828 345 884 fit
412 826 630 882 orificio
676 825 764 902 ff,
825 824 1658 896 eritpzk-—zzk—zP,
1703 838 1757 878 at
1803 822 1844 878 fi

147 911 276 970 haec
318 912 484 969 festio
531 913 710 968 minor
757 911 829 966 est
876 910 1139 966 foramine
1166 907 1236 986 ff
1268 907 1458 983 prestio
1503 908 1685 965 multo
1732 919 1845 963 ma-

149 998 230 1071 gis
270 998 618 1055 diminuitur.

685 1132 1293 1228 CorolL‚3.

353 1282 448 1333 86.
495 1277 724 1350 Quando
765 1287 949 1327 autem
1001 1269 1191 1343 preffio
1226 1283 1264 1346 p
1307 1285 1496 1349 reuera
1553 1270 1620 1326 fit
1682 1287 1844 1343 nega-

152 1361 266 1418 tiua
311 1362 463 1416 fluidi
507 1357 834 1414 continuitas
879 1356 1097 1412 tollitur
1129 1397 1145 1424 ,
1215 1371 1273 1412 et
1311 1358 1436 1428 quia
1490 1355 1656 1413 latera
1728 1358 1842 1412 tubi

148 1447 422 1502 deserendo
478 1444 524 1496 se
590 1443 648 1497 in
713 1443 912 1498 arctius
979 1441 1213 1514 spatium
1281 1441 1561 1499 contrahit
1593 1482 1610 1511 ,
1671 1458 1843 1514 neque

147 1526 383 1596 amplius
427 1527 607 1597 legem
656 1527 937 1582 stabilitam
980 1529 1236 1598 sequitur.
1334 1527 1611 1602 Quamdiu
1656 1540 1842 1582 autem

144 1611 337 1684 preffio
381 1613 451 1666 est
497 1613 727 1683 pofitiua
772 1613 994 1684 quidem
1042 1613 1124 1667 sed
1171 1613 1354 1667 minor
1397 1630 1560 1684 quam
1607 1613 1670 1680 k,
1716 1625 1838 1666 tum

143 1696 268 1767 quia
338 1697 533 1767 preffio
609 1712 833 1754 externa
898 1701 1110 1769 superat
1166 1700 1430 1752 internam
1478 1698 1516 1752 fi
1565 1697 1722 1750 tubus
1769 1696 1842 1750 ibi

141 1782 475 1837 foraminulo
548 1785 910 1852 perforetur,
962 1786 1053 1838 a'e'r
1126 1782 1338 1838 aliudue
1407 1783 1645 1837 fluidum
1690 1795 1843 1835 extra

140 1865 377 1937 positum
443 1870 794 1938 intrudetur,
858 1869 932 1923 ita
998 1880 1060 1924 vt
1119 1869 1276 1923 tubus
1319 1867 1389 1923 ibi
1436 1868 1496 1923 vi
1541 1866 1848 1923 attradtrice

142 1954 412 2018 praeditus
458 1954 724 2008 videatur.

676 2088 1133 2162 SchOHon.
1250 2118 1305 2163 n

354 2223 444 2281 89.
494 2216 617 2269 Huc
662 2216 766 2268 fere
811 2216 1032 2269 redeunt
1074 2229 1207 2285 quae
1263 2215 1329 2268 de
1393 2215 1602 2272 effluxu
1673 2234 1839 2290 aquae

146 2319 213 2359 ex
260 2301 393 2356 tubis
437 2301 529 2354 vel
573 2298 703 2354 vasis
744 2301 1107 2372 cuiuscunque
1152 2300 1354 2355 formae
1420 2304 1560 2356 tradi
1626 2303 1795 2358 solent
1823 2343 1838 2372 ,

147 2403 279 2458 quae
319 2385 444 2456 quia
488 2386 595 2439 iam
642 2385 850 2456 copiose
893 2404 950 2441 ac
995 2384 1283 2454 diligenter
1328 2387 1448 2439 sunt
1494 2389 1841 2457 pertradtata,

148 2471 238 2526 hic
282 2470 442 2525 fufius
483 2468 730 2525 euoluere
777 2470 946 2525 nolo:
994 2470 1149 2540 idque
1195 2470 1323 2525 adeo
1368 2472 1433 2526 ob
1479 2470 1613 2526 hanc
1658 2476 1838 2545 potis-

148 2555 346 2609 fimum
391 2555 701 2624 rationem,
746 2557 887 2626 quod
936 2557 988 2608 in
1034 2556 1300 2626 plerisque
1327 2554 1559 2624 cafibUS,
1604 2559 1667 2611 ad
1705 2572 1842 2628 quos

149 2643 275 2695 haec
319 2637 550 2693 Theoria
593 2640 852 2713 applicari
898 2637 1025 2694 solet
1055 2682 1070 2709 ,
1113 2638 1350 2696 calculus
1395 2653 1502 2695 non
1551 2643 1841 2697 mediocri-⁴

151 2739 232 2782 ter
277 2741 304 2778 a
351 2722 575 2776 veritate
619 2728 860 2781 aberrare
907 2725 1350 2797 deprehendatur.
1437 2725 1634 2782 Statim
1690 2729 1842 2782 enim

150 2826 209 2865 ac
258 2824 390 2877 νας,
435 2808 520 2861 vti
563 2806 654 2877 fig.
708 2823 800 2877 54.
859 2810 1153 2868 nota-bilem
1224 2827 1352 2886 prae
1415 2814 1682 2869 foramine
1738 2814 1845 2867 Oo

366 2910 370 2914 ·
1687 2895 1843 2954 habet
