2402 3329
943 215 953 227 e
1071 219 1074 222 ,

473 229 588 306 242
865 221 871 231 ’
1009 225 1647 296 DEMoT‘V-
1738 272 1747 279 -.

466 391 620 445 dente
702 388 927 449 sectione
991 386 1294 462 expositam
1366 389 1720 448 adhibuimus,
1851 382 2166 447 solutiones

463 478 708 547 quidem
736 475 835 530 hae·
869 478 1134 546 ‘geminae
1159 470 1385 531 ‘ratione
1421 473 1993 547 ‘formae-plurimum
2052 475 2162 530 dis·

462 573 727 631 crepant,
768 575 1178 615 'verumtamen
1242 563 1371 633 quin
1415 562 1622 635 semper
1659 561 1876 630 egregie
1923 564 2067 618 inter
2112 562 2162 615 se

455 636 787 700 conueniant
825 645 989 701 nullo
1033 646 1201 701 modo
1239 647 1478 702 dubitari
1518 647 1721 722 potest*
1843 647 2008 703 Prout
2063 661 2163 700 au-

456 742 570 787 tem
612 725 936 803 quaestiones
965 729 1173 788 'fuerint
1216 733 1762 810 comparataemodo
1805 736 1978 804 magis
2002 747 2162 802 expe-

459 817 571 872 diet
613 815 696 871 v'ti
755 817 1020 875 solutione
1085 819 1256 888 priori
1294 810 1499 874 -modo
1560 818 1881 890 posteriori3
1950 812 2160 888 semper

364 974 369 976 .
456 914 639 957 autem
676 915 978 974 vvti-amque
1023 900 1317 958 adhibendo
1359 920 1466 957 non
1511 901 1686 956 solum
1759 917 1949 957 earum
2022 919 2160 958 con·

451 989 620 1039 sensus
671 987 960 1037 veritatem
1009 992 1077 1037 eo
1149 987 1323 1051 magis
1386 985 1778 1048 confirmabit,
1844 990 1924 1040 sed
1989 989 2159 1041 etiam

456 1067 1140 1136 inssg11e5·dilucidationes
1185 1066 1578 1136 suppeditabit,
1623 1070 1763 1121 vnde
1809 1083 1996 1121 veram
2047 1072 2166 1124 mol·

458 1167 543 1209 tus
601 1164 847 1205 naturam
893 1168 961 1207 eo
1007 1149 1305 1205 accuratius
1346 1153 1746 1221 cognoscemus.
1833 1151 2013 1208 Huius
2060 1167 2164 1206 au-

461 1253 574 1296 tem
627 1230 958 1294 tractationis
1004 1236 1322 1308 primariam
1354 1237 1689 1291 diuisionem
1746 1237 1964 1310 praebet
2031 1238 2163 1298 flui‘-

465 1326 666 1380 dorum
737 1321 1054 1388 diuersitaS,
1124 1334 1384 1393 quatenus
1443 1336 1641 1377 eorum
1687 1323 1910 1379 densitas
1957 1323 2045 1379 vel
2089 1328 2164 1383 est

457 1410 695 1465 constans
743 1407 833 1463 vel
881 1405 1199 1474 variabilis,
1242 1406 1501 1478 quorsum
1545 1406 1663 1460 addi
1713 1409 1881 1481 potest
1929 1410 2160 1466 fluidum

464 1495 710 1549 mixtum
739 1535 756 1561 ,
798 1490 975 1549 veluti
1020 1490 1058 1546 fi
1131 1489 1286 1547 fluidi
1346 1494 1677 1549 continuitas
1723 1494 1777 1547 in
1829 1493 1959 1549 tubo
2003 1494 2162 1551 bullis

462 1581 633 1636 ae‘reis
674 1580 837 1636 fuerit
885 1578 1203 1647 interrupta.
1290 1578 1513 1635 Vitium
1584 1577 2001 1634 sollicitantium
2076 1598 2163 1635 ra·

463 1666 547 1720 tio
586 1677 702 1722 tam
752 1677 951 1736 parum
1000 1662 1171 1718 afficit
1231 1661 1366 1720 hanc
1437 1666 1857 1733 tractationem,
1925 1682 1987 1720 vt
2061 1670 2162 1724 vix

460 1764 653 1824 operae
723 1748 965 1819 pretium
1031 1745 1100 1801 fit
1166 1746 1294 1845 alias
1364 1752 1507 1804 vires
1576 1763 1784 1820 praeter
1829 1752 2161 1819 grauitatem

461 1833 781 1888 considerati
810 1875 826 1902 ,
872 1845 1042 1903 neque
1088 1828 1179 1885 hic
1223 1845 1392 1887 etiam
1436 1834 1732 1904 quicquam
1777 1834 2009 1901 impedit
2035 1873 2052 1899 ‚
2120 1837 2161 1886 fi

463 1919 602 1973 sorte
646 1919 785 1975 ac'tio
828 1916 1035 1972 virium
1104 1915 1656 1991 de÷Qdy÷
1683 1913 1847 1970 Rdz
1921 1915 2162 1984 integra-

468 2001 677 2056 tionem
731 2020 840 2057 non
878 2001 1134 2056 admittat
1161 2041 1178 2066 ,
1249 1999 1331 2055 bic
1373 2002 1523 2056 enim
1568 2015 1624 2066 x,
1653 2015 1694 2066 y
1734 2010 1789 2052 et
1829 2014 1865 2050 z
1906 2015 1937 2052 a
1981 2000 2031 2052 se
2077 1999 2162 2054 in·

461 2086 640 2140 vicem
699 2088 980 2155 pendent,
1047 2095 1103 2134 et
1170 2082 1387 2135 vnicam
1458 2080 1778 2135 variabilem
1837 2080 2163 2140 constituere

460 2171 583 2226 sunt
627 2169 910 2225 censendae
955 2163 1306 2238 quamobrem
1354 2162 1445 2218 illa
1491 2159 1786 2218 difficultas
1827 2159 2015 2216 locum
2059 2164 2164 2220 ha-

461 2257 589 2311 bere
657 2254 860 2326 nequit.
986 2251 1065 2304 At
1133 2265 1272 2305 vero
1334 2245 1711 2322 amplitudinis
1778 2245 1886 2301 tubi
1931 2250 2163 2308 variatio

467 2350 743 2411 tantopere
786 2340 841 2392 in
884 2336 1154 2390 calculum
1199 2333 1421 2403 influit,
1487 2344 1551 2388 vt
1597 2332 1838 2386 maxime
1903 2335 2161 2392 conducat

466 2424 593 2481 hinc
637 2421 962 2479 diuifionem
1008 2432 1228 2492 petere;
1294 2435 1364 2473 ex
1408 2434 1520 2491 quo
1561 2416 1750 2488 primo
1804 2416 1954 2473 tubos
2019 2415 2163 2475 eius·

464 2513 593 2566 dem
642 2509 838 2581 vbique
880 2505 1255 2580 amplitudinis
1292 2506 1410 2560 sum
1457 2501 1940 2574 contemplaturus.
2040 2505 2163 2563 Deg-

464 2595 633 2667 nique
675 2609 899 2650 omnem
942 2591 1238 2648 fluidorum
1282 2585 1650 2644 diuerfitatem
1694 2586 1757 2645 ad
1799 2588 1926 2643 duas
1966 2588 2159 2665 species

465 2695 636 2754 aquae
679 2691 733 2734 et
770 2679 908 2737 ae'ris
952 2691 1204 2734 reuocare
1251 2672 1393 2733 licet.

1906 2877 2156 2981 CAPVT
