2402 3329
469 226 562 286 m
630 215 1073 284 SVPERFICOE
1139 211 1588 280 SPHAEch.
1750 233 1869 285 209

195 382 436 455 capiatur
479 375 816 432 semicirculo
860 375 1114 431 maximo
1142 406 1162 445 ,v
1225 374 1366 446 quod
1412 370 1452 425 fi
1493 366 1727 424 circulus
1783 368 1878 424 ille

202 471 361 522 fuerit
399 463 516 518 fiitis
563 465 793 531 exiguus
819 504 833 530 ,
899 466 1125 517 demum
1173 461 1287 531 post
1329 455 1536 528 aliquot
1578 454 1881 508 reuolutio-

203 567 291 604 nes
332 548 584 615 eueniet,
630 563 749 601 tum
798 546 918 618 quia
961 562 1113 602 arcus
1158 547 1210 599 O
1237 544 1306 597 M
1339 542 1417 599 fit
1473 540 1840 596 semicirculus
1865 581 1880 607 ,

200 634 464 705 punctum
523 634 576 687 M
621 653 650 688 e
694 636 961 686 diametro
1004 633 1210 703 pundto
1256 630 1307 683 O
1351 638 1657 698 opponetur
1687 666 1701 692 ‚
1747 639 1882 695 qua-

198 733 256 772 re
300 718 337 769 si
387 718 620 773 circulus
670 720 777 772 iste¹
831 718 1010 770 minor
1072 711 1245 770 COo
1288 725 1576 781 tamquam
1645 711 1907 765 circulus-

197 798 396 873 polaris
441 802 697 874 spedtetur
745 800 878 872 polo
919 800 1173 854 existente
1219 799 1274 850 in
1318 796 1400 863 R,
1443 807 1603 864 atque
1648 793 1880 864 aequalis

199 887 431 940 circulus
476 888 670 958 polaris
713 886 844 940 huic
911 882 1190 956 oppositus
1255 879 1632 951 concipiatur,
1694 890 1886 932 omnes

197 988 396 1028 curuae
439 973 727 1044 descriptae
773 974 912 1024 inter
957 970 1055 1022 hos
1096 972 1227 1023 duos
1268 964 1503 1021 circulos
1550 962 1756 1036 polares
1800 980 1885 1018 ca*

197 1059 324 1109 dent
353 1097 367 1122 ,
410 1069 567 1125 atque
612 1056 649 1107 si
693 1054 881 1109 circuli
929 1051 1131 1118 poiares
1174 1051 1375 1100 fuerint
1419 1050 1536 1100 satis
1581 1049 1731 1117 parui
1760 1047 1882 1117 plu-

196 1142 339 1195 ribus
386 1139 815 1192 reuolutionibus
858 1138 996 1187 circa
1038 1133 1312 1204 sphaeram
1356 1130 1690 1198 vagabuntur
1735 1143 1882 1184 ante-

200 1241 363 1296 quam
408 1224 471 1276 ad
512 1225 743 1277 alterum
787 1223 1052 1274 circutum
1101 1216 1340 1285 polarem
1388 1215 1710 1282 pertingant.

405 1309 593 1361 XXV.
666 1308 806 1357 Hinc
861 1301 1031 1354 adhuc
1076 1299 1183 1352 alia
1250 1298 1525 1368 generatio
1591 1313 1881 1352 cui-uarum
1919 1304 2098 1366 Tab.1:

199 1392 250 1462 B
278 1391 337 1444 M
382 1392 430 1442 se
477 1388 765 1442 manifestat
796 1429 812 1456 ,
869 1385 1022 1439 facile
1066 1385 1213 1437 enim
1258 1384 1633 1455 perspiciemus
1674 1386 1879 1438 easdem
1933 1375 2116 1432 1³²8·ae

198 1475 364 1527 lineas
403 1487 594 1525 curuas
642 1473 686 1527 B
720 1472 783 1526 M
829 1469 1046 1524 describi
1083 1469 1267 1522 debere
1296 1508 1311 1534 ‚
1360 1467 1397 1519 fi
1442 1466 1677 1519 circulus
1700 1468 1880 1538 sphae-

198 1573 287 1612 rae
331 1558 604 1611 maximus
648 1557 801 1627 super
848 1552 1149 1627 peripheria
1192 1550 1386 1607 circuli
1457 1550 1691 1606 minoris
1761 1551 1884 1607 vol-

197 1642 374 1697 vendo
415 1644 658 1710 incedat,
705 1639 872 1695 simili
919 1640 1230 1708 modo-quo
1271 1637 1328 1690 in
1372 1634 1532 1708 plano
1588 1628 1884 1709 epicycloi-

195 1727 285 1780 des
322 1728 534 1782 describi
577 1728 759 1782 solent.
870 1724 953 1781 Sit
996 1724 1142 1781 enim
1187 1717 1310 1777 Co
1351 1720 1585 1778 circulus
1628 1723 1723 1776 ille
1782 1723 1888 1775 mi—

200 1828 302 1866 nor
328 1854 344 1879 ,
386 1829 543 1886 quem
593 1815 647 1867 in
692 1811 897 1885 punsto
939 1814 992 1867 O
1037 1810 1347 1879 contingere
1399 1806 1737 1878 concipiatur
1780 1807 1890 1860 cir·-

201 1897 354 1951 culus
399 1901 670 1953 maximus
717 1900 769 1954 O
797 1898 856 1953 M
887 1899 929 1954 F
956 1895 1037 1962 G,
1078 1896 1174 1966 qui
1222 1893 1503 1954 *soluendo
1575 1909 1678 1964 per*
1738 1892 1891 1965 peri-

201 1979 671 2052 pheriam'circuli
716 1986 943 2037 minori5
990 1981 1248 2036 continuo
1292 1978 1516 2034 vlterius
1573 1979 1890 2050 progredia-

203 2077 292 2117 tur
337 2066 494 2120 initio
536 2080 717 2118 autem
762 2067 1036 2118 contactus
1076 2066 1237 2116 fuerit
1281 2066 1338 2116 in
1385 2060 1593 2132 pumsto
1649 2060 1731 2128 C,
1797 2059 1890 2113 vbi

205 2147 470 2216 punctum
518 2146 590 2195 M
631 2145 826 2196 circuli
889 2147 1121 2197 maximi
1187 2157 1300 2197 erat
1362 2143 1743 2214 applicatum,
1813 2142 1888 2196 ita

208 2241 272 2280 vt
319 2245 412 2299 per
460 2240 632 2280 motus
675 2224 947 2279 voluentis
993 2237 1236 2279 naturam
1282 2240 1437 2280 arcus
1479 2225 1530 2278 Ο
1558 2224 1629 2276 M
1695 2241 1882 2296 aequa-

205 2311 276 2364 lis
322 2311 388 2365 sit
431 2312 576 2364 arcui
619 2308 767 2376 CO,
811 2312 946 2363 vnde
987 2309 1026 2363 fi
1070 2307 1298 2364 circulus
1344 2309 1618 2366 maximus
1660 2310 1714 2381 in
1743 2326 1883 2381 pun-

207 2395 298 2448 ἃο
343 2396 412 2448 Μ
461 2395 572 2450 stilo
611 2395 772 2448 fuerit
814 2396 1096 2462 munituS,
1139 2393 1244 2448 hoc
1287 2395 1401 2465 ipso
1445 2392 1570 2447 stilo
1599 2433 1614 2459 ,
1656 2408 1887 2449 curnam

209 2482 469 2548 quandam
513 2477 558 2533 C
585 2480 646 2534 M
691 2480 1015 2550 descripserit
1070 2478 1265 2535 necesse
1307 2478 1379 2531 est
1411 2517 1427 2546 ‚
1486 2490 1644 2546 atque
1714 2495 1889 2549 quum

208 2563 349 2618 OM
391 2563 453 2617 fit
497 2579 648 2619 arcus
711 2565 898 2619 circuli
962 2563 1191 2618 maximi
1255 2562 1401 2618 arcui
1455 2560 1501 2616 C
1537 2563 1589 2617 Ο
1650 2562 1884 2634 aequalis

211 2660 268 2700 et
307 2648 576 2701 circulum
624 2651 895 2704 minorem
940 2649 995 2703 in
1041 2649 1242 2720 puncto
1284 2648 1336 2701 O
1379 2659 1621 2715 tangen53
1667 2650 1884 2702 euidens

211 2734 284 2786 est
314 2773 329 2796 ,
397 2748 490 2800 per
554 2733 697 2789 hunc
762 2745 980 2789 motum
1027 2733 1345 2788 voluentem
1391 2733 1610 2786 eandem
1654 2748 1887 2787 curnam

210 2815 259 2871 C
292 2816 352 2869 M
399 2817 609 2873 describi
642 2860 658 2885 ,
701 2835 831 2891 quae
875 2830 994 2873 ante
1036 2835 1106 2876 ex
1146 2817 1413 2875 solutione
1452 2827 1569 2873 erat
1615 2829 1763 2891 nata,
1808 2817 1885 2871 ita

294 2899 347 2954 T
349 2901 601 2967 orn-XV.
618 2903 1000 2965 Nou.Comm.
1213 2900 1270 2958 D
1296 2903 1331 2959 d
1821 2911 1884 2957 vt
