2402 3329
542 210 661 269 546
912 190 1894 255 OBSERVATIONES'

535 351 634 408 Iste
681 350 935 404 omnium
985 349 1322 420 reliquorum
1376 345 1722 401 validiffimus
1766 354 1822 396 et
1856 338 2090 415 aequalis
2114 341 2214 397 cir-

537 438 669 490 citer
713 436 784 489 est
830 434 1127 489 coniunstis
1163 434 1219 485 in
1265 448 1440 487 vnum
1491 418 1744 485 truncum
1794 429 2045 481 ceruicali
2099 429 2214 498 sep-

536 523 678 574 timo
718 532 771 572 et
815 520 1009 577 oftauo
1052 534 1120 573 ex
1163 532 1269 588 quo
1311 530 1506 591 trunco
1546 517 1816 571 cubit-aeus
1860 526 1913 565 et
1965 523 2218 564 cutzmeus
2290 535 2295 543 ’

534 607 779 658 internus
821 607 876 658 in
924 603 1144 658 homine
1192 601 1346 657 oriri·
1399 600 1578 657 solent.
1685 601 1898 651 Tamen
1973 598 2216 668 multum

535 689 687 757 abest,
718 689 855 759 ,quin
901 687 1208 759 requifitam
1257 686 1608 757 proportione
1655 682 2024 737 muscuiorurs»
2054 680 2220 734 craffi-

539 773 675 827 ti'em
722 772 925 827 habeat.
973 773 1086 826 Post
1131 772 1344 840 aliquod
1390 771 1617 838 spatium
1666 769 1853 820 vnitur
1891 783 2022 819 cum
2053 766 2220 818 tertio

539 869 737 910 trunco
779 857 835 908 iu
876 856 1078 907 dictum
1127 854 1303 905 latum
1349 853 1570 919 plexum
1620 865 1883 902 nerueum
1912 889 1928 914 ‚
1968 852 2121 918 eique
2164 852 2221 903 in

536 956 603 991 eo
647 938 812 990 latere
841 977 858 1004 ,
901 938 986 987 vbi
1034 936 1229 986 accedit
1256 971 1270 997 ,
1316 934 1604 983 craffitiem
1675 930 1839 998 paulo
1910 934 2175 983 maiorem
2206 973 2221 998 ‚
2266 953 2267 957 ¹

535 1036 699 1090 quam
749 1022 804 1073 in
847 1016 1099 1089 opposito
1143 1014 1303 1070 latere
1347 1013 1614 1083 producit.
1701 1012 1908 1067 Secedit
1953 1016 2142 1069 deinde
2163 1017 2226 1070 ab

536 1103 640 1158 illo
685 1117 736 1156 et
779 1106 913 1176 duos
957 1116 1135 1155 ramos
1178 1099 1583 1154 anastomoticos
1618 1097 1681 1152 ad
1710 1099 2018 1154 medi-auum
2051 1100 2225 1153 mittit

533 1189 722 1259 quibus
762 1187 952 1241 arteria
996 1184 1278 1239 brachialis
1320 1195 1375 1236 et
1401 1172 1532 1235 vena
1558 1197 1739 1236 comes
1770 1181 2227 1252 compleCwntur,

254 1267 438 1339 Ner-uus
536 1275 674 1327 vnde
718 1287 915 1327 neruus
959 1268 1122 1341 paulo
1167 1270 1377 1323 tenuior
1423 1267 1598 1321 euadit
1646 1281 1699 1321 et
1744 1266 2049 1320 cubitaeum
2088 1285 2227 1324 nunc

260 1330 482 1458 culgitagus
539 1357 720 1427 refert,
763 1356 1120 1428 quicubitaeo
1143 1353 1351 1408 craffior
1375 1364 1426 1405 et
1453 1352 1682 1421 aequalis
1726 1352 1937 1426 circiter
1981 1354 2226 1408 mediano

347 1411 398 1461 μ
536 1443 628 1496 vel
672 1443 837 1497 etiam
896 1439 1059 1513 paulo
1128 1441 1303 1494 maior
1368 1433 1558 1490 eodem
1624 1437 1734 1501 est;
1803 1451 1974 1505 neque
2043 1432 2226 1491 tamen

537 1526 728 1582 iustam
801 1526 1154 1597 proportione
1244 1513 1616 1576 musculorum
1703 1520 1989 1576 cra‘ffitiem
2053 1522 2225 1576 habet.

536 1610 913 1665 Descendendo
959 1609 1136 1662 versus
1179 1602 1422 1661 cubitum
1467 1607 1649 1676 prImo
1673 1618 2004 1673 attenuatur,
2044 1607 2229 1661 deinde

536 1694 713 1748 denuo
753 1692 1110 1759 intumescit,
1153 1691 1420 1758 simulque
1468 1688 1733 1742 mollescit
1781 1702 1836 1742 et
1904 1690 2231 1743 rubricundo

536 1777 720 1833 colore
765 1777 997 1843 tingitur
1024 1815 1039 1843 ,
1084 1786 1147 1828 vt
1192 1787 1339 1828 retro
1405 1771 1700 1841 condylum
1772 1771 2043 1826 internum
2111 1772 2230 1827 offis

542 1859 765 1916 humeri
826 1859 1004 1914 clauae
1072 1860 1176 1912 fere
1243 1857 1417 1924 figura
1480 1857 1722 1924 gaudeat.
1863 1856 2017 1906 Tum
2087 1857 2229 1912 inter

544 1942 821 1998 musculos
867 1944 927 1995 ad
972 1941 1213 1993 cubitum
1258 1939 1384 1992 fitos
1426 1939 1473 1991 se
1517 1938 1744 2003 recipit,
1785 1934 1950 2004 iisque
1992 1940 2233 1991 ramulos

542 2027 716 2081 reddit
760 2026 1024 2094 solitoque
1072 2015 1235 2075 modo
1275 2021 1336 2074 ad
1378 2018 1517 2074 latus
1562 2017 1748 2070 vlnare
1789 2020 2022 2075 decurrit
2066 2034 2120 2076 et
2162 2022 2228 2078 ad

539 2110 779 2185 palmam
803 2150 819 2177 ,
862 2108 953 2163 vbi
992 2105 1325 2163 distribuitur
1351 2144 1368 2172 ,
1423 2103 1684 2177 peruenit.

264 2308 507 2372 Explicatio
744 2277 1065 2334 Dummodo
1109 2278 1171 2332 ad
1222 2272 1584 2346 phaenomena
1632 2287 1920 2329 neruorum
1958 2274 2228 2330 notiffima

269 2378 451 2435 exiguae
545 2364 884 2431 attenditur3'
950 2374 1083 2433 quae
1129 2354 1372 2416 difficilis
1438 2357 1654 2411 videtur
1729 2360 1913 2429 primo
1979 2360 2226 2428 intuitu,

203 2522 211 2530 ·
267 2456 509 2487 neruorum
547 2457 838 2503 neruorum
882 2447 1075 2516 exigua
1118 2448 1180 2501 ad
1227 2440 1492 2500 musculos
1540 2441 1718 2508 rati0,
1769 2459 1889 2498 eam
1959 2445 2228 2516 explicatu

269 2506 510 2620 ῗέεῗὲἑῗ
547 2533 690 2588 haud
731 2531 1012 2589 difficilem
1062 2533 1159 2586 effe
1198 2530 1463 2584 existimo,
1550 2523 1605 2579 Si
1653 2541 1844 2583 neruus
1874 2570 1889 2597 ‚
1956 2531 2051 2602 qui
2098 2536 2246 2583 mni

270 2640 354 2688 nis.
547 2619 755 2673 sculum
803 2617 953 2684 adit,
996 2614 1197 2685 ligatur
1242 2613 1331 2668 vel
1375 2608 1653 2681 dissecatur
1683 2652 1698 2675 ‚
1754 2616 2030 2669 musculus
2071 2613 2231 2670 nullo

551 2706 716 2758 modo
759 2715 848 2757 aut
876 2700 1077 2756 viribus
1101 2701 1224 2769 (υἷε,
1266 2709 1359 2751 aut
1381 2692 1633 2750 facultate
1659 2710 1857 2768 motuS,
1906 2700 2228 2769 destituitur;

552 2784 650 2842 soli
693 2788 910 2842 animae
952 2788 1193 2859 potentia
1244 2781 1482 2838 aufertur
1547 2792 1763 2837 motum
1833 2802 1936 2859 pro
2003 2779 2230 2842 arbitrio

2136 2871 2227 2925 fiio
