2402 3329
505 252 634 316 464-
911 236 1401 298 RAR‘IORVM
1485 233 1797 295 AVIVM

505 395 887 452 viridi-aureo
929 393 1116 463 colore
1159 392 1469 465 splendenS,
1513 386 1830 444 simillimus
1875 383 1984 456 illi,
2025 399 2190 457 quem

504 479 651 537 Galli
696 478 976 551 changeam
1022 491 1258 551 vocant,
1299 491 1607 533 connexum
1640 514 1656 542 ,
1708 489 1870 544 vsque
1913 474 1975 526 ad
2020 471 2194 526 finem

503 567 696 622 caudae
749 572 778 618 8
823 579 950 618 cum
992 564 1228 621 ,dimidio
1263 562 1503 635 pollices
1575 561 1821 629 longum.
1888 555 2070 612 Pedius
2141 570 2197 613 et

470 649 764 714 ⁴Abdomen
805 666 836 703 e
881 651 1016 704 fusco
1089 648 1426 715 nigricantia.
1490 644 1729 717 Remiges·
1797 642 1998 712 viginti
2064 643 2150 696 sex
2181 683 2198 712 ,

507 735 671 790 viridi
721 745 774 786 et
818 749 1023 802 cyaneo
1066 732 1242 790 colore
1274 773 1289 800 ‚
1335 731 1616 785 saturatius
1685 728 2036 802 splendenteS.·
2099 726 2203 782 Te·

506 818 700 875 ct'rices
743 833 934 872 omnes
977 817 1173 872 coloris
1242 817 1500 871 eiusdem.
1585 814 1852 869 Rebi‘rices
1917 811 2200 867 duodecim

508 902 749 970 aequales
775 939 790 964 ,
832 901 1012 954 colore
1055 900 1194 951 dorsi
1228 936 1243 962 ‚
1288 900 1571 966 vropygium
1615 912 1667 950 et
1717 897 1980 963 femoralia
2016 897 2203 954 colore

510 982 825 1039 abdominis,
880 980 1016 1035 Pars
1059 993 1263 1033 crurum
1299 979 1484 1050 plumis
1527 979 1779 1032 denudata
1811 983 2023 1052 pollicis
2047 983 2205 1037 vuius

509 1079 562 1120 et
607 1064 878 1118 linearum
927 1067 1051 1133 sex,
1093 1061 1310 1120 circulis
1356 1073 1552 1116 notata.
1610 1060 1787 1115 Tibiae
1831 1063 2097 1135 pollicum
2169 1082 2202 1131 3

511 1161 566 1204 et
616 1149 884 1202 linearum
938 1169 969 1204 2
1006 1190 1021 1216 ‚
1067 1148 1306 1203 incisuris
1347 1145 1653 1200 transuersis
1699 1162 1795 1218 per
1837 1163 2064 1201 omnem
2128 1150 2210 1205 sui

512 1233 910 1302 longitudinem
991 1234 1336 1303 interruptae.
1470 1231 1693 1301 Digitm
1755 1232 1956 1288 anticus
2019 1231 2211 1290 medius

515 1318 859 1388 longitudine
902 1318 1166 1389 pollicum
1227 1321 1463 1372 duorum
1529 1330 1585 1368 et
1652 1315 1819 1370 lineae
1894 1321 1942 1372 1³.
2012 1320 2213 1388 vnguis

516 1402 664 1462 illius
713 1403 984 1459 linearum
1034 1416 1094 1469 4.
1141 1402 1352 1472 Digitus
1397 1400 1596 1454 anticus
1642 1402 1866 1455 extimus
1917 1417 2048 1456 cum
2108 1420 2214 1459 vn·

516 1505 620 1561 gue
665 1488 852 1557 longit.
897 1487 1027 1560 poll.
1105 1507 1154 1542 2.
1197 1499 1252 1541 et
1292 1484 1458 1540 linear
1532 1504 1584 1538 2.
1650 1483 1887 1538 Intimus
1949 1488 2212 1558 pollicum

506 1592 581 1630 -α,
635 1575 863 1629 Anticus
911 1572 1117 1627 medius
1161 1584 1287 1625 cum
1335 1569 1547 1624 extimo
1589 1568 1836 1622 cohaeret
1905 1572 2215 1628 membrana

523 1673 691 1727 vsque
737 1658 799 1710 ad
845 1656 1145 1711 articulum
1193 1656 1438 1726 primum
1485 1652 1738 1723 producta
1768 1693 1782 1719 ,
1823 1667 1875 1706 et
1917 1672 2041 1709 cum
2086 1658 2217 1711 inti·-
2263 1720 2269 1726 ,

525 1755 624 1796 mo
707 1743 1018 1794 membrana
1087 1739 1252 1794 simili
1302 1783 1316 1808 ‚
1395 1755 1529 1792 mox
1596 1735 1885 1793 deficiente.
1998 1738 2217 1807 Posticus·

523 1824 756 1881 omnino
801 1816 1008 1879 solutus'
1050 1826 1135 1879 est.
1182 1823 1342 1880 Pedes
1387 1836 1571 1902 autem
1613 1839 1741 1878 cum
1768 1823 2014 1895 vngus'hus
2038 1825 2217 1882 colore

525 1909 833 1978 nigerrimo
875 1909 1102 1982 praediti
1149 1911 1289 1964 sunt.

738 2054 936 2110 lisdem
980 2073 1108 2110 cum
1155 2055 1235 2111 N.
1285 2055 1422 2124 igneo
1471 2052 1599 2109 locis
1642 2056 1817 2123 degit,
1864 2055 2050 2112 iisdem
2094 2061 2222 2116 cibis

530 2139 784 2206 vistim,
836 2153 890 2194 at
936 2142 1119 2196 volatu
1158 2139 1460 2196 demissiore
1501 2139 1695 2209 differt,
1738 2154 1792 2194 et
1838 2143 1991 2211 a‘e‘ra,
2034 2142 2226 2200 hirun-

527 2228 670 2283 dinis
714 2226 779 2281 ad
828 2225 986 2281 instar
1015 2268 1032 2297 ,
1072 2228 1357 2299 percurrit.

737 2373 873 2430 Non
922 2378 1264 2448 refragabor‚
1332 2376 1372 2432 fi
1418 2376 1533 2448 quis
1601 2377 1738 2432 hanc
1807 2376 2224 2438 Numeniorum

528 2459 713 2530 bigam
757 2461 817 2513 ad
862 2476 1032 2531 genus
1076 2462 1292 2518 Tantali
1338 2463 1530 2517 referre
1575 2461 1729 2529 velit,
1776 2480 1899 2518 nam
1941 2465 2223 2523 secundum

531 2544 915 2601 definitionem
986 2546 1112 2602 huic
1182 2549 1363 2619 generi
1433 2546 1751 2616 adplicatam
1817 2548 2035 2620 iugulari
2087 2554 2227 2614 facco

532 2648 597 2686 eo
637 2631 869 2687 omnino
913 2635 1162 2705 pertinet.
1252 2631 1350 2687 Sed
1399 2634 1633 2686 nondum
1685 2633 1942 2705 perspicio
1969 2675 1985 2703 ,
2027 2653 2093 2691 an
2137 2639 2227 2693 hic

536 2715 796 2772 Tantalos
841 2735 871 2774 a
924 2718 1223 2775 Numeniis
1269 2717 1589 2775 sufficienter
1642 2718 1945 2792 distinguat.

2068 2937 2225 2995 XIV.
