2402 3329
344 219 682 283 LAMINIS
711 218 1047 277 ELAsric.
1075 224 1127 278 A
1156 220 1709 285 PERCVSS.1MPR.
1759 245 1873 295 373

217 360 448 447 receptae
493 372 740 425 indicant.
842 370 980 426 Haec
1047 371 1230 424 omnia
1300 388 1431 427 vcro
1486 374 1885 445 propemodum

212 462 394 513 eadem
442 470 601 510 erunt
644 454 682 507 fi
729 453 847 507 loco
892 468 1216 515 curuaturae
1264 457 1582 524 parabolicae
1647 474 1704 511 ea
1771 459 1884 511 sub-

215 534 493 606 stituatur)
539 553 702 611 quam
750 539 946 593 lamina
994 553 1148 595 motu
1197 543 1291 594 suo
1338 543 1632 596 vibratorio
1678 556 1888 596 natura-

209 627 335 680 liter
379 625 610 680 ass'umit.
694 623 949 695 Reliquae
1001 625 1292 689 interius}
1340 640 1509 695 partes
1577 627 1659 679 vis
1732 629 1888 680 vinae

211 711 386 765 totalis
431 713 484 763 iu
532 725 745 765 motum
798 711 1150 764 vibratorium
1207 711 1552 762 formandum
1616 711 1888 782 ipsamque

208 794 372 851 fimul
420 795 678 848 laminam
720 796 1103 850 incuruandam
1150 795 1550 866 impenduntur.

410 947 452 1009 §.
507 960 597 1008 13.
645 943 841 998 Statim
910 945 1087 1014 itaque
1152 961 1175 998 a
1248 944 1617 1016 percussione,
1683 944 1889 1012 singula

207 1029 435 1083 laminae
480 1028 742 1079 elementa
798 1028 1147 1079 determinata
1216 1026 1497 1079 velocitate
1571 1029 1891 1081 vibrationes

209 1115 320 1166 suus
368 1112 689 1179 incipiuut3
778 1110 1040 1177 punctum
1107 1122 1291 1161 autem
1363 1110 1599 1163 medium
1659 1112 1890 1165 laminae

212 1195 476 1249 maximas
519 1194 637 1248 fiicit
680 1193 1012 1246 excursiones
1040 1231 1055 1258 ‚
1100 1191 1300 1262 haeque
1346 1194 1676 1248 excursiones
1740 1208 1888 1250 tanto

217 1292 373 1331 erunt
419 1278 646 1331 maiores
690 1292 890 1346 quanto
935 1274 1221 1328 flexibilior
1265 1276 1335 1329 est
1378 1275 1603 1347 lamina3
1648 1292 1886 1334 attamen

218 1379 400 1417 omues
447 1379 569 1430 quas
609 1359 1005 1427 allegauimus,
1053 1361 1424 1429 proportiones
1486 1367 1701 1418 eaedem
1773 1380 1884 1418 rna-

209 1458 372 1498 nent:
417 1445 610 1496 sofutio
656 1441 819 1495 huius
867 1445 1117 1512 paradoxi
1175 1446 1229 1496 in
1276 1444 1378 1499 hoc
1426 1449 1592 1518 posita
1639 1450 1885 1517 videtur,

208 1530 349 1598 quod
419 1527 678 1582 crescente
744 1525 976 1582 laminae
1043 1527 1381 1583 flexibilitate
1450 1546 1660 1604 tempus
1728 1533 1885 1586 vuius

205 1611 516 1665 vibrationis
557 1609 719 1666 simul
763 1612 1000 1682 crescat,
1044 1613 1111 1668 fic
1150 1626 1212 1666 vt
1267 1628 1512 1684 tempore
1568 1606 1727 1672 vnius
1793 1619 1886 1671 vi·

203 1695 451 1750 brationis
493 1697 723 1768 spatium
770 1713 797 1750 a
841 1710 1028 1753 centro
1066 1699 1352 1767 grauitatis
1394 1701 1739 1755 vniformiter
1795 1702 1884 1754 de-

201 1780 462 1852 scriptum
510 1779 687 1836 nihilo
736 1782 914 1837 minus
959 1783 1252 1838 constanter
1295 1784 1516 1839 eandem
1574 1785 1884 1855 proportio·

203 1879 325 1920 nem
376 1864 560 1920 habere
607 1865 762 1937 poffit
801 1868 863 1922 ad
909 1869 1175 1939 integram
1247 1869 1665 1938 amplitudinem
1708 1871 1887 1923 cuius-

203 1951 285 2003 vis
326 1950 651 2007 vibrationiS.
739 1951 824 2005 Ita
870 1966 924 2006 et
980 1952 1267 2022 longitudo
1330 1951 1561 2007 laminae
1619 1954 1885 2025 percussae

203 2031 432 2086 calculos
477 2048 610 2100 quos
654 2034 875 2084 fecimus
920 2036 1144 2085 minime
1190 2036 1475 2102 perturbat.
1546 2037 1746 2109 Quodfi
1794 2039 1885 2087 in-

207 2126 355 2181 tegra
398 2113 642 2166 excursio
687 2112 774 2163 vel
819 2112 1124 2182 amplitudo
1167 2116 1456 2186 vibratoria
1511 2135 1611 2187 pro
1678 2119 1885 2189 puncto

208 2195 393 2250 medio
437 2194 669 2247 laminae
730 2194 934 2248 dicatur
1004 2193 1072 2262 ξ,
1135 2197 1240 2251 erit
1304 2198 1534 2270 spatium
1604 2217 1632 2254 a
1692 2217 1881 2257 centro

209 2279 488 2348 grauitatis
534 2278 874 2332 vniformiter
921 2279 1242 2351 descriptum
1272 2321 1287 2349 ‚
1352 2283 1482 2336 dum
1559 2301 1666 2338 vna
1707 2285 1885 2341 absol-

210 2363 366 2417 vitur
411 2362 638 2417 vibratio
667 2401 683 2428 ‚
725 2361 938 2434 aequale
1004 2371 1088 2432 ξπ
1119 2365 1150 2419 ξ
1178 2405 1193 2433 ,
1259 2366 1604 2437 intelligendo
1672 2386 1769 2441 per
1838 2387 1882 2424 π

210 2449 553 2518 quadrantem
593 2445 812 2516 circuli,
859 2450 1013 2502 cuius
1057 2453 1230 2504 radius
1276 2453 1480 2508 vnitate
1524 2456 1881 2524 exprimitur,

208 2531 344 2587 Sunt
386 2533 558 2602 itaque
601 2531 784 2602 spatiia
832 2546 1059 2603 Vtroque
1107 2547 1263 2590 motu
1307 2535 1557 2609 descripta
1603 2538 1698 2592 fibi
1752 2557 1881 2599 con-

209 2616 398 2670 stanter
443 2616 854 2686 proportionalia
885 2658 899 2685 ,
951 2637 1287 2691 quaecunque
1338 2621 1402 2676 fit
1452 2621 1687 2676 laminae
1755 2626 1880 2680 lon-

207 2693 849 2775 gitudo,'qualiscunque
892 2704 986 2774 ipsi
1033 2704 1158 2758 infit
1229 2705 1333 2760 siue
1403 2707 1701 2762 flexibilitas
1767 2707 1878 2763 siue

210 2785 448 2857 rigiditas
488 2798 540 2842 et
584 2802 911 2863 quaecunque
980 2790 1135 2843 fuerit
1205 2792 1547 2866 percufiionis
1607 2793 1874 2851 intenfitas

900 2873 1056 2951 {naa
1099 2890 1131 2942 3
1712 2879 1881 2935 modo
