2402 3329
768 226 923 298 ··>&³33
967 223 989 304 (
1035 242 1071 285 0
1117 228 1137 298 >
1178 220 1333 300 ἓὲέὼ
1781 253 1858 306 23

166 371 382 452 perficie
423 371 690 448 sphaerica
754 376 1101 434 describendis
1128 419 1145 448 ‚
1211 379 1301 435 cui
1371 390 1554 437 tamen
1623 379 1860 455 quaesito

165 463 569 519 satisfacientem
615 479 720 519 non
765 462 862 516 nisi
911 469 1129 518 vnicam
1178 463 1376 519 lineam
1417 482 1648 521 curuam
1707 467 1866 520 inue-

164 550 280 601 nire
324 546 630 601 valuerunt.
739 547 880 601 Haec
924 563 1057 603 vero
1096 549 1490 605 circumstantia
1542 563 1693 605 tanto
1738 565 1858 605 ma-

163 632 248 701 gis
295 643 480 684 notatu
524 634 684 699 digna
726 633 841 701 est,
907 633 1049 703 quod
1090 649 1265 704 quum
1320 634 1428 705 ipsa
1492 634 1725 705 quaestio
1795 634 1862 691 ad

162 713 407 782 analysin
455 714 803 770 infinitorum
846 713 1313 770 indeterminatam
1361 719 1668 788 pertineat,
1732 716 1863 772 infi-

161 801 299 854 nitas
339 799 633 855 solutiones
676 801 962 855 admittere
1008 800 1251 855 videatur
1281 841 1297 869 ‚
1364 806 1507 856 vnde
1549 815 1603 855 et
1667 817 1860 871 operae

164 887 407 955 pretium
500 885 604 938 fuit
689 884 1020 940 solutionem
1115 885 1396 940 inuentam
1490 887 1801 940 examinare
1841 925 1860 955 ,

163 982 356 1024 vtrum
401 970 608 1024 scilicet
653 985 721 1022 ex
761 986 818 1025 ea
862 968 998 1024 aliae
1041 967 1330 1024 solutiones
1371 968 1608 1025 deriuari
1644 969 1855 1043 possint,

167 1067 238 1107 an
305 1071 441 1108 vero
509 1053 744 1108 euidenti
812 1053 1019 1108 ratione
1110 1054 1321 1123 probari
1414 1054 1571 1126 poffit
1623 1095 1639 1121 ‚
1750 1070 1858 1107 non

162 1137 262 1189 nisi
308 1140 523 1191 'vnicam
569 1135 713 1188 hanc
764 1133 1092 1189 solutionem
1160 1134 1461 1204 possibilem
1529 1132 1674 1192 esse?
1739 1137 1858 1192 Hoc

161 1232 348 1274 autem
406 1221 713 1274 institutum
805 1220 880 1268 ita
946 1220 1255 1285 prosecutus
1315 1219 1385 1271 est
1479 1218 1860 1273 illustrissimus

162 1305 331 1361 huius
369 1299 746 1354 dissertationis
791 1297 1041 1367 Auctor,
1115 1312 1180 1354 vt
1221 1300 1500 1372 postquam
1544 1318 1614 1356 ex
1656 1303 1860 1373 princi·

163 1385 267 1457 piis
311 1398 459 1438 mere
502 1382 788 1451 analyticis
827 1382 1146 1438 solutionem
1215 1385 1621 1442 satisfacientem
1688 1386 1859 1441 dedu-

159 1470 345 1536 xerit,
391 1481 512 1522 tum
559 1485 768 1539 quoque
813 1470 1088 1539 ostendat,
1151 1471 1427 1540 quomodo
1469 1486 1527 1524 ea
1568 1487 1635 1526 ex
1676 1471 1857 1526 confi-

156 1553 513 1609 derationibus
557 1550 929 1608 Geometricis
973 1553 1259 1625 principiis
1297 1552 1492 1611 scilicet
1557 1554 1856 1625 Trigome-

161 1638 295 1692 triae
342 1637 658 1709 sphaericae
701 1638 757 1691 in
847 1640 1006 1693 vsum
1065 1640 1311 1707 vocatiS,
1377 1640 1614 1696 inueniri
1679 1651 1852 1712 queat.

162 1723 323 1778 Hunc
371 1725 425 1776 in
470 1720 639 1777 finem
685 1724 871 1794 primo
919 1738 1148 1778 curnam
1214 1723 1508 1796 quaesitam
1578 1736 1854 1797 tamquam

158 1808 334 1863 datam
381 1806 698 1878 spestandO,
763 1807 877 1862 eius
922 1809 1129 1878 quaerit
1176 1808 1458 1863 euolutam
1488 1850 1505 1878 ,
1566 1825 1670 1880 ope
1744 1807 1858 1862 ele·

161 1891 492 1961 gantisfi-mae
557 1891 820 1946 formulae
889 1907 991 1963 pro
1059 1893 1217 1947 radio
1277 1893 1441 1948 osculi
1487 1894 1856 1963 cuiuscunque

165 1975 354 2047 puniti
398 1991 593 2030 curuae·
634 1975 943 2047 quaefi'ta‘e‘3.
999 1987 1122 2031 tum
1169 1995 1308 2032 vero*
1346 1979 1534 2032 ordine·
1587 1991 1854 2047 retrogra-

160 2059 230 2112 do
256 2099 272 2124 ‚
309 2076 531 2115 curuam
576 2061 854 2115 euolutam
899 2062 1268 2131 considerans,
1313 2061 1620 2133 simplicem
1667 2063 1851 2117 omni·

165 2157 238 2193 no
281 2155 335 2195 et
380 2143 702 2196 concinnam
747 2145 960 2198 inuenit
1001 2145 1340 2211 formulam,
1406 2163 1507 2216 pro
1574 2146 1852 2199 elemento

160 2238 353 2278 curuae
395 2222 694 2293 quaesitae,
759 2240 855 2294 per
896 2227 1011 2279 data
1053 2243 1249 2281 curuae
1290 2229 1543 2283 euolutae
1595 2227 1851 2283 definien-

161 2306 249 2360 do.
352 2305 410 2360 Si
480 2307 626 2359 enim
672 2321 872 2361 curuae
917 2309 1168 2364 euolutae
1212 2325 1371 2363 arcus*
1406 2315 1716 2382 quicunque*
1755 2314 1851 2366 di-

160 2401 321 2444 catur
383 2405 417 2443 s
474 2400 537 2443 et
593 2390 771 2444 radius
812 2390 979 2446 osculi
1023 2392 1122 2464 ipsi
1167 2396 1487 2466 respondens·
1526 2412 1587 2462 r,
1632 2394 1845 2451 habebi-

164 2484 256 2527 tur
301 2487 407 2545 pro
455 2471 725 2529 elemento
789 2489 984 2529 curuae
1052 2494 1144 2548 per
1209 2479 1584 2534 euolutionem
1659 2492 1849 2553 ortae,

166 2555 296 2611 haec
338 2555 601 2627 expressio
637 2548 875 2650 ΞΓ-ξ-ηζῃνὲ,
945 2576 1112 2631 quam
1154 2562 1325 2630 igitur
1371 2574 1432 2615 vt
1475 2560 1728 2617 solutioni
1769 2568 1849 2619 sa-

167 2651 375 2720 tisfiat,
440 2653 810 2724 integrabilem
878 2657 974 2711 esse
1039 2667 1269 2726 oportet.
1378 2656 1494 2711 Iam
1553 2672 1687 2711 vero
1732 2660 1849 2713 eui-

160 2735 287 2789 dens
351 2737 466 2806 est,
533 2739 878 2810 problematis
945 2740 1204 2811 propositi
1272 2738 1591 2796 solutionem
1658 2744 1718 2794 ab
1775 2760 1843 2798 eo

163 2820 425 2893 pendere,
467 2832 530 2876 vt
572 2823 877 2879 inueniatur
922 2840 1089 2882 curua
1130 2823 1416 2896 algebraica
1462 2827 1515 2880 in
1560 2823 1842 2897 superficie

1664 2909 1844 2981 sphae-
