2402 3329
518 185 652 247 v512³
893 151 1841 233 OBSERVArtoNEs

531 341 654 385 tum
698 326 803 383 hoc
848 329 1065 384 summo
1107 323 1246 397 apici
1291 322 1442 393 sterni
1499 320 1733 377 firmiter
1777 317 2021 374 adhaeret
2048 357 2065 385 ‚
2131 317 2214 372 in-

458 460 462 462 .
533 417 700 485 deque
743 415 946 468 sursum
995 412 1055 465 ad
1102 411 1313 481 aliquot
1357 406 1574 481 pollices
1618 406 1963 461 continuatur
2009 416 2064 456 et
2093 419 2216 475 pro*

533 501 751 554 ducitur
795 514 864 552 ex
917 498 1062 552 fibris
1107 495 1368 550 tendineis
1407 490 1607 546 horum
1634 491 1988 563 pectoralium
2016 495 2217 542 vti-ius-

535 600 642 654 que
689 582 870 638 lateris
913 582 1038 654 ipsis
1068 623 1083 649 ,
1126 583 1183 633 in
1229 576 1328 633 illo
1369 578 1488 633 loco
1554 576 1990 632 concurrentibus
2019 614 2033 642 ‚
2101 573 2218 627 sibi-

538 686 644 741 que
701 670 940 721 inuicem
993 664 1340 733 intertextis,
1406 665 1863 733 quemadmodum
1933 674 1998 713 ex
2070 657 2219 712 fibris

503 768 507 769 ⁷
536 754 907 824 trapeziorum
951 752 1313 820 ligamentum
1340 753 1537 806 nuchae
1562 748 1813 802 efficitur.
1861 744 1973 799 Hac
2002 743 2222 798 structu-

536 854 636 904 ra,
697 839 823 889 dum
882 837 1147 905 punctum
1213 830 1393 884 fixum
1460 833 1771 886 extenditur
1837 840 1891 884 et
1962 827 2221 883 fibrarum

538 935 755 989 quoque
801 921 954 986 copia
999 926 1228 981 augetur
1257 951 1272 976 ‚
1318 913 1401 964 vis
1442 916 1676 967 musculi
1722 913 1959 967 increscit
2003 927 2056 965 et
2099 916 2225 969 nul-

535 1003 656 1056 lum
689 1015 866 1053 tamen
894 998 1069 1052 motui
1094 996 1221 1050 colli
1250 996 1701 1065 impedimentum
1732 999 2063 1065 producitur,
2083 1000 2226 1067 quod

538 1085 690 1142 fieret
737 1085 774 1139 si
823 1085 1054 1138 sternum
1101 1082 1303 1137 osseum
1350 1079 1557 1132 sursum
1606 1081 1779 1148 magis
1837 1081 2231 1135 extenderetur.

541 1169 726 1225 Fibrae
770 1169 931 1223 huius
979 1166 1241 1239 portionis
1285 1164 1664 1232 conuergeudo
1705 1164 1768 1217 ad
1816 1162 1955 1217 latus
2000 1163 2233 1222 thoracis

540 1255 724 1310 versus
767 1271 826 1310 os
871 1253 1089 1308 humeri
1132 1254 1430 1306 decurrunt
1471 1262 1526 1302 et
1573 1248 1884 1303 musculum
1930 1249 2093 1321 paulo
2133 1267 2235 1306 an·

547 1340 840 1411 gustiorem
887 1351 940 1393 et
987 1340 1104 1391 satis
1148 1339 1339 1390 fortem
1387 1334 1720 1389 constituunt
1753 1375 1768 1401 ,
1813 1336 1900 1405 qui
1959 1336 2011 1389 in
2059 1337 2231 1390 varias

550 1427 786 1480 minores
831 1428 1106 1496 portiones
1152 1417 1451 1475 musculoso
1489 1420 1896 1487 memb‘ranosaQ
1938 1431 1999 1473 vt
2043 1423 2235 1493 triceps

549 1512 769 1566 femoris
799 1552 812 1578 ‚
853 1507 1157 1564 diffinditur
1183 1548 1200 1576 ‚
1242 1503 1412 1574 'iisque
1461 1504 1516 1557 in
1559 1507 1762 1577 spinam
1812 1506 2054 1576 humeri,
2101 1522 2236 1578 quae

550 1613 580 1650 a
623 1598 805 1650 tubere
852 1594 1047 1648 maiori
1093 1590 1355 1646 descendit
1382 1629 1398 1656 ‚
1461 1590 1510 1643 se
1582 1589 1853 1658 insinuat,
1917 1602 2239 1663 partemque

551 1691 776 1749 occupat
824 1676 943 1731 offis
986 1674 1203 1728 humeri
1249 1672 1538 1726 dimidiam
1582 1674 1889 1726 inferiorem
1921 1713 1937 1739 ‚
1991 1674 2122 1726 dum
2168 1673 2237 1726 fi‘

553 1763 676 1819 brae
720 1758 944 1814 infimae
987 1757 1149 1811 huius
1194 1755 1459 1828 portionis
1521 1755 1582 1808 ad
1649 1746 1947 1822 condylum
2018 1755 2236 1810 humeri

553 1861 888 1911 externum,
935 1855 1191 1914 tanquam
1262 1830 1495 1907 locum‚'
1556 1838 1617 1891 ab
1684 1837 2091 1908 hypomochlio
2157 1858 2244 1895 re-

557 1930 921 1983 motissimum
967 1942 1132 1994 vsque
1175 1925 1511 1988 decurrunt3
1554 1925 1693 1976 vnde
1741 1936 1886 1993 patet
1914 1965 1928 1989 ‚
1988 1926 2241 1980 insertio-

556 2028 679 2067 nem
730 2012 894 2065 huius
937 2007 1167 2063 musculi
1213 2007 1284 2058 ita
1329 2015 1696 2073 comparatam
1744 2008 1882 2072 effe,
1944 2021 2005 2061 vt
2065 2013 2243 2067 maxi-

561 2113 717 2150 mum
763 2094 1010 2150 effefflum
1057 2094 1290 2146 exserere
1334 2088 1525 2160 poffit3
1567 2103 1696 2140 cum
1747 2088 1801 2141 in
1847 2090 2072 2145 homine
2101 2093 2244 2150 idem

561 2181 836 2235 musculus
883 2194 1049 2251 prope
1089 2176 1491 2229 extremitatem
1537 2171 1871 2242 superiorem
1918 2177 2012 2229 sese
2037 2179 2248 2248 inserat,

273 2265 520 2342 :forticiu-
561 2268 736 2337 ibique
770 2267 1040 2334 exiguam
1089 2263 1475 2316 tantummodo
1517 2271 1723 2325 partem
1770 2275 2010 2332 occupet,
2058 2261 2243 2319 Altera

277 2350 426 2444 Pgsxor
487 2351 843 2451 &pectoralis
892 2349 1108 2417 portio,
1151 2346 1430 2417 superior,
1476 2340 1655 2409 aliqua
1711 2344 1788 2395 sui
1860 2361 2009 2417 parte
2076 2351 2245 2419 priori

275 2402 826 2516 &gxiw'lsubstratffi
870 2434 1046 2489 oritur
1091 2448 1117 2485 a
1163 2432 1462 2500 ligamento
1505 2426 1841 2496 supradicto,
1887 2448 1914 2485 a
1955 2434 2243 2490 manubrio

568 2522 724 2578 sterni
770 2536 823 2576 et
867 2536 896 2572 a
943 2531 1088 2588 parte
1134 2516 1333 2582 sterni,
1376 2528 1510 2583 quae
1556 2512 1757 2582 primae
1800 2517 1966 2573 costae
2028 2520 2245 2590 respon·

567 2609 670 2662 det.
764 2606 890 2660 Inde
936 2603 1079 2657 fibris
1127 2598 1393 2670 parallelis
1436 2596 1612 2650 versus
1650 2595 1949 2657 humerum
2009 2605 2245 2659 decurrit

567 2705 623 2745 et
667 2690 830 2743 simili
879 2693 1060 2753 modo,
1102 2698 1164 2739 vt
1209 2686 1361 2757 prior
1409 2683 1620 2751 portiO,
1647 2682 1697 2735 in
1727 2700 1894 2753 partes
1922 2689 2245 2744 musculoso·

570 2772 962 2848 membranosas
1001 2772 1265 2836 diuiditur
1289 2810 1304 2839 ‚
1344 2770 1534 2839 quibus
1574 2769 1806 2824 mediam
1851 2774 1970 2829 offis
2029 2772 2244 2827 humeri

2031 2869 2239 2933 partem
