2402 3329
512 265 631 318 472
914 242 1410 304 RARIORVM
1487 239 1799 300 AVIVM

508 394 676 452 dihala
741 395 944 471 inferior
1017 411 1045 463 5
1124 397 1433 451 eminentiis
1499 393 1788 448 linearibus
1858 403 2192 464 quatuorque

509 481 809 557 aequalibus
857 483 1185 537 intermediis
1230 483 1405 552 spatiis
1448 480 1736 551 secuudum
1797 479 2195 548 longitudinem

509 569 913 622 excurrentibus
959 569 1289 639 inaequaliS,
1330 570 1552 640 aspera.
1598 584 1692 629 nec
1724 606 1738 633 ,
1791 576 1852 618 vt
1898 566 1950 617 in
1997 564 2198 617 anseri-

508 651 645 720 bus,
712 653 918 708 villosa.
1029 654 1111 708 Ita
1187 655 1336 706 enim
1410 666 1566 706 cauet
1613 665 1840 716 natura,
1914 666 1979 701 ne
2024 651 2194 720 petita

505 738 693 809 praeda
723 780 738 801 ,
782 741 912 792 dum
964 739 1294 809 proiiciendo
1338 754 1459 790 eam
1505 736 1664 806 gulae
1709 738 2002 791 admouere
2044 737 2194 789 debet

498 824 844 878 onocrotalus
872 865 887 890 ‚
932 823 1243 877 elaberetur.
1332 823 1717 877 Deficientibus
1760 819 2068 874 eminentiis
2106 837 2195 891 pa-

508 905 606 973 lati
652 908 793 960 rima
836 909 1200 975 conspicitur,
1265 919 1317 957 et
1365 909 1475 977 post
1525 907 1661 959 hanc
1718 907 1859 959 inter
1905 920 2082 962 <nares
2145 915 2216 958 et·

508 990 697 1043 oculos
740 990 800 1041 ad
848 989 1292 1058 perpendiculum
1351 992 1645 1040 eminentia
1715 989 1975 1058 *quaedam
2040 987 2198 1058 longa

511 1071 769 1144 pollicem
801 1112 815 1138 ‚
857 1073 1202 1126 acuminabus
1243 1070 1484 1139 gibbosa:
1552 1071 1690 1123 rima
1738 1070 1900 1140 palati
1945 1071 2007 1124 ad
2051 1088 2200 1125 nares

507 1157 624 1212 hiat
654 1200 668 1227 ‚
714 1158 873 1211 huius
917 1173 1020 1227 que
1065 1174 1166 1228 ope
1215 1157 1418 1209 saccum
1465 1155 1852 1224 sublingualem
1884 1195 1898 1220 ,
1942 1158 2070 1208 adeo
2110 1173 2200 1210 ca-

507 1260 691 1316 pacem
725 1283 740 1310 ,
791 1240 1126 1297 mandibulae
1176 1241 1413 1295 inferiori
1465 1244 1535 1295 ita
1582 1241 1794 1294 adducit
1835 1241 1984 1309 θυῖε,
2031 1253 2092 1295 vt
2134 1257 2200 1294 ne

506 1328 595 1382 vel
642 1330 942 1383 minimum
993 1327 1327 1398 propendeat.
1415 1325 1616 1381 Eadem
1662 1329 1801 1380 rima
1847 1325 2059 1401 rancori
2104 1345 2202 1381 vo-

509 1414 581 1468 cis
628 1414 846 1468 inseruit
874 1456 891 1483 ,
960 1412 1144 1467 clausis
1187 1414 1334 1467 enim
1385 1411 1704 1465 mandibulis
1749 1411 2224 1467 haecclamofior·

504 1500 729 1568 euadit,
769 1513 822 1554 et
866 1501 927 1554 ad
979 1498 1272 1553 Afinorum
1318 1501 1639 1566 grunnitum
1688 1499 1900 1553 accedit.
1974 1496 2202 1552 ‘Mandi-

507 1583 622 1641 hula
666 1586 882 1639 inferior
928 1584 1187 1654 superiori
1236 1583 1512 1637 tantillum
1560 1584 1818 1654 breuior,
1884 1597 1987 1636 tres
2044 1583 2226 1635 circi-³·

506 1681 589 1722 ter
637 1668 851 1738 pollices
895 1686 923 1721 a
972 1667 1286 1738 plumagine
1330 1669 1520 1722 frontis
1568 1682 1806 1726 remota,
1841 1668 2003 1735 capiti
2071 1666 2198 1718 arti-

508 1750 758 1820 culatur,
823 1753 942 1805 inde
1008 1752 1337 1817 diuaricata,
1404 1768 1510 1804 non
1583 1750 1676 1803 nisi
1748 1768 1790 1815 4
1833 1750 2070 1817 *pollices
2145 1751 2198 1801 in

509 1852 682 1889 vnum
729 1838 878 1902 coit,
924 1835 1122 1889 ibidem
1170 1833 1492 1889 validissimo
1536 1833 1680 1905 apice
1726 1833 1868 1886 offeo
1921 1835 2154 1887 donatur
2183 1873 2200 1900 ,

510 1921 735 1974 interius
779 1920 985 1974 eminet
1027 1919 1197 1974 areola
1244 1922 1502 1990 quaedam
1551 1920 1758 1986 giobosa
1788 1961 1802 1985 .,
1866 1934 2025 1986 quam
2096 1919 2198 1971 lul-

509 2019 600 2057 cus
666 2006 872 2066 ambit,
939 2004 1113 2056 areola
1178 2017 1359 2056 autem
1408 2002 1495 2053 illa
1542 2004 1819 2068 respondet
1866 2004 2083 2054 cauitati
2132 2001 2199 2054 li-

509 2087 673 2160 gulae
721 2087 1054 2140 mandibulae
1099 2085 1416 2155 superioris,
1465 2095 1516 2133 et
1565 2081 1961 2152 adprehensioni
2009 2084 2199 2139 fortio-

510 2175 558 2230 ri
627 2171 861 2226 inseruit.
998 2170 1198 2224 Latera
1269 2166 1605 2223 mandibulae
1679 2167 1942 2222 inferioris
1983 2169 2197 2225 adaucta

507 2259 798 2330 superioris
838 2257 1129 2324 angustiora
1161 2296 1176 2323 ‚
1219 2269 1272 2309 et
1315 2254 1497 2323 gulam
1549 2251 1727 2305 versus
1773 2255 2021 2307 saccatum
2068 2254 2202 2308 obli-

514 2361 616 2415 que
682 2343 987 2396 substantiae
1053 2356 1273 2396 corneae
1325 2381 1340 2407 ,
1410 2339 1703 2392 introrsum
1793 2342 2204 2411 extrorsumque

512 2426 732 2484 flexilia.
821 2425 961 2482 Huic
1009 2424 1347 2480 mandibulae
1388 2421 1630 2475 infcriori
1682 2424 1742 2476 ab
1787 2426 2028 2478 interiori
2078 2442 2200 2497 par*

513 2525 564 2568 te
607 2519 776 2568 (accus
820 2511 1167 2580 sublingualis
1210 2510 1555 2581 appenditur.
1661 2507 1859 2564 Saccus
1906 2512 2011 2581 ipse
2059 2513 2200 2568 vali·

508 2603 610 2657 dus
639 2639 654 2666 ,
726 2600 1153 2652 nembranaceus
1182 2635 1197 2660 ‚
1265 2609 1292 2646 e
1341 2591 1527 2647 multis
1569 2594 1719 2646 venis
1763 2611 1788 2647 a
1837 2595 2019 2664 lingua
2068 2599 2203 2651 ortis

515 2699 709 2752 οπως,
775 2682 1002 2751 huicque
1063 2681 1247 2747 lingua
1321 2677 1426 2746 ipsa
1492 2676 1582 2730 sub
1626 2680 1796 2735 oculis
1839 2683 2042 2736 adcreta
2087 2685 2156 2736 esi
2187 2723 2201 2750 ,

513 2771 725 2825 frenum
775 2781 957 2822 autem
1016 2763 1310 2818 retrorsum
1381 2773 1435 2813 et
1502 2765 1679 2815 versus
1747 2767 1899 2819 rostri
1967 2766 2199 2836 ligulam

515 2850 820 2909 extenditur
848 2892 863 2919 ‚
931 2861 1238 2918 tantamque
1305 2845 1450 2902 sacco
1516 2845 1878 2905 elasticitatem
1946 2854 2153 2924 praebet
2184 2891 2198 2916 ‚

2136 2947 2199 2989 vt
