2402 3329
642 185 1389 248 ANATOMICAE,
1735 210 1849 262 545

386 337 599 392 Tertius
646 348 866 389 truncus
907 352 976 391 ex
1042 340 1326 395 interstitio
1392 341 1529 394 inter
1590 341 1850 397 Vltimam
1876 341 2058 390 Tertius

181 436 234 479 et
282 424 630 494 penultimam
678 421 975 474 vertebram
1020 424 1150 477 colli
1196 426 1385 496 prodit.
1486 427 1590 480 Hic
1660 444 1852 481 neruus
1876 418 2057 519 trs-{Lucus

107 541 127 555 Ι
183 511 323 561 inter
367 508 598 577 reliquos
642 507 883 558 maxime
926 507 1215 580 spectabilis
1257 511 1327 563 est
1349 522 1402 565 et
1427 512 1644 565 videtur
1671 475 1900 582 primo<
1934 510 1975 535 ³⁸
2008 474 2133 537 3·C·)

182 592 381 643 intuitu
426 591 688 643 eiusmodi
736 605 937 643 neruus
1003 596 1109 647 fere
1174 595 1272 647 effe
1340 595 1515 665 quales
1581 595 1635 646 in
1704 597 1853 648 leone

177 675 504 743 quaeiiueriS.
593 673 799 728 Gaudet
844 677 1008 728 etiam
1056 677 1337 731 latitudine
1382 681 1620 751 quinque
1685 676 1852 731 linea·

174 772 301 810 rum
343 772 394 811 et
438 760 704 812 dimidiae.
786 760 991 813 Verum
1035 763 1181 815 enim
1228 762 1318 817 vbi
1365 763 1503 816 reete
1558 760 1867 817 considera--

174 843 318 895 veris
357 845 501 897 hanc
546 842 805 896 laminam
850 860 1104 898 nerueam
1133 886 1150 911 ‚
1219 848 1317 901 vix
1370 846 1565 900 lineam
1631 845 1850 899 craffam

174 940 292 977 eam
339 926 590 979 inuenies„
681 930 934 992 Adeoque
977 928 1247 981 minorem
1312 927 1470 994 longe
1537 933 1846 996 portionem

170 1010 469 1062 substantiae
514 1006 845 1074 medullam,
883 1024 1042 1078 quam
1090 1010 1348 1063 alteruter
1396 1012 1641 1081 priorum
1690 1023 1846 1065 trun-

173 1107 362 1146 corum
409 1090 627 1145 brachio
669 1091 873 1159 adfert3
943 1108 1113 1160 neque
1181 1090 1432 1146 notabiles
1499 1110 1688 1147 neruos
1753 1094 1841 1149 hic

177 1187 394 1228 truncus
437 1176 557 1228 edit.
646 1174 860 1227 Primus
903 1174 1141 1228 ramulus
1198 1177 1308 1240 est,
1377 1177 1470 1245 qui
1535 1178 1649 1229 cuti
1720 1193 1840 1248 pro·
1868 1191 2095 1240 Cutaneus

172 1260 325 1330 spicit
373 1255 638 1311 interioris
686 1256 846 1326 partis
891 1255 1112 1310 humeri
1156 1271 1209 1312 et
1256 1260 1376 1314 loco
1399 1262 1607 1314 cutanei
1642 1261 1839 1317 interni
1865 1257 2064 1301 internus

169 1344 266 1397 esse
312 1342 538 1395 videtur.
607 1339 816 1392 Deinde
883 1341 1142 1394 continuo
1209 1354 1428 1396 truncus
1493 1345 1841 1413 coniungitur
1948 1317 2035 1383 (0⁴

166 1442 291 1480 cum
338 1438 525 1495 quarto
565 1435 617 1477 et
661 1421 1035 1493 expansionem
1074 1441 1317 1480 nerueam
1342 1443 1469 1482 cum
1497 1430 1686 1484 eodem
1715 1446 1840 1499 pro·

165 1512 317 1565 ducit
360 1507 518 1561 latam
549 1546 564 1571 ‚
611 1507 899 1575 objongam
933 1549 948 1575 ,
1018 1511 1171 1564 valde
1218 1523 1432 1567 tenuem
1460 1553 1476 1579 ,
1541 1513 1671 1566 hinc
1717 1514 1836 1570 inde

162 1593 306 1662 quafi
354 1594 408 1645 iu
456 1590 727 1644 filamenta
771 1590 964 1661 fissam,
1004 1595 1057 1647 in
1103 1611 1203 1665 qua
1231 1612 1337 1650 tres
1379 1595 1465 1649 illi
1511 1599 1648 1651 rami
1703 1614 1835 1651 ana-

161 1676 433 1731 stomotici
480 1676 655 1729 trunci
703 1674 905 1730 secundi
948 1679 1298 1747 recipiuntur.
1348 1679 1521 1733 Postea
1568 1697 1595 1733 a
1642 1693 1836 1750 quarto

157 1770 351 1815 trunco
397 1761 595 1815 iterum
641 1759 851 1826 secedit,
893 1773 947 1814 et
987 1777 1127 1817 nunc
1169 1761 1389 1818 notabili
1435 1763 1624 1831 gradu,
1669 1779 1834 1833 quam

158 1857 276 1895 ante
319 1844 749 1898 coniundtionem
782 1886 798 1912 ‚
850 1848 1119 1914 angustior
1148 1888 1163 1912 ‚
1218 1851 1305 1903 sed
1352 1849 1657 1903 tantundem
1704 1863 1838 1918 quo-

161 1939 260 1993 que
302 1925 511 1980 crassior
537 1967 553 1994 ‚
596 1936 805 1997 ‘vnaqu'e
852 1930 1078 1981 mollior
1121 1932 1208 1981 est.
1284 1932 1433 1980 Tum
1482 1948 1614 1983 vero
1655 1932 1832 1984 denuo

159 2004 398 2061 latescere
445 2023 498 2063 et
539 2010 764 2076 expandi
808 2008 864 2057 in
932 2010 1197 2060 maiorem
1270 2008 1550 2077 planitiem
1622 2014 1828 2081 incipit.

160 2089 504 2160 Tandemque
581 2084 761 2141 senfim
846 2089 899 2140 in
973 2106 1117 2144 mera
1181 2089 1459 2147 filamenta
1524 2094 1830 2150 tenuissima

158 2169 394 2244 separata*
436 2170 622 2224 flabelli
667 2169 826 2224 instar
869 2171 1209 2243 dispergitur,
1257 2193 1388 2246 quae
1412 2190 1555 2232 retro
1582 2179 1828 2236 medium

159 2274 217 2312 os
283 2255 487 2309 humeri
555 2257 974 2326 progrediuntur
1020 2300 1036 2326 ,
1083 2282 1086 2283 ⁷
1128 2260 1301 2332 ibique
1374 2263 1615 2315 maxime
1684 2265 1827 2318 circa

156 2340 470 2411 periosteum
518 2338 572 2392 in
613 2337 860 2394 cellulosa
915 2355 967 2396 et
1010 2343 1204 2416 adipe,
1266 2348 1464 2416 partim
1509 2363 1720 2418 quoque
1765 2348 1822 2401 in

156 2425 500 2481 adiacentibus
542 2424 789 2478 musculis
826 2426 1207 2484 distribuuntur
1278 2430 1471 2501 Neque
1520 2434 1573 2485 in
1603 2430 1822 2487 homine

155 2523 322 2576 neque
367 2509 416 2560 in
462 2506 555 2561 fele
598 2509 739 2580 quod
788 2508 914 2565 huic
960 2530 1129 2568 neruo
1173 2514 1348 2568 simile
1392 2514 1494 2583 sit,
1534 2519 1815 2588 reperitur·

154 2590 299 2645 Loco
338 2608 464 2645 vero
505 2594 735 2648 eiusdem
782 2597 1336 2655 mustulo-cutaneus
1379 2600 1464 2656 est,
2060 2673 2065 2678 Ι

354 2675 594 2747 Denique
647 2693 863 2749 quartus
929 2680 1147 2738 truncus
1215 2700 1283 2739 ex
1338 2685 1621 2740 interstitio
1672 2688 1814 2741 inter
1840 2698 2034 2749 Quartus

157 2758 403 2814 vltimam
449 2762 737 2817 vertebram
780 2764 914 2823 colli
955 2781 1008 2826 et
1051 2769 1289 2844 primam
1360 2770 1498 2827 dorsi
1569 2773 1809 2830 nascitur.
1835 2772 2014 2812 truncus
2033 2761 2098 2824 (d)

235 2845 285 2900 T
288 2843 925 2909 om·XV.N0u.Comm.
1181 2849 1234 2911 Z
1259 2869 1291 2911 z
1314 2867 1346 2909 z
1711 2855 1813 2918 Iste
