2402 3329
640 189 1415 255 ANATOMICAE.
1738 210 1856 266 547·

183 343 274 398 suo
316 340 365 394 in
409 335 512 391 hoc
555 338 800 393 musculo
841 340 1121 412 excitandi.
1162 338 1217 395 Si
1261 340 1408 393 enim
1451 342 1536 398 vel
1580 345 1855 402 musculus

184 428 286 498 ipse
329 424 413 476 vel
460 438 651 474 neruus
679 425 809 477 infra
835 426 1121 493 ligaturam
1150 425 1415 494 irritatur,
1460 429 1857 486 vehementiffi·

164 522 296 562 ‘mos
339 505 428 558 ille
486 520 664 560 motus
708 509 953 562 actutum
997 521 1222 565 exercet.
1270 507 1400 564 Non
1450 514 1619 581 igitur
1658 532 1685 567 a
1732 532 1855 569 ner-

128 599 133 606 “
177 594 259 646 vis
306 593 673 645 musculorum
717 594 933 647 facultas
976 594 1230 647 mouendi
1290 608 1383 648 aut
1445 599 1592 650 vires
1657 601 1853 668 depen-

174 677 336 743 dent,
376 692 506 746 quae
551 675 794 730 musculo
843 678 940 748 ipsi
985 676 1320 732 essentialiter
1365 682 1559 735 insunt.
1671 682 1853 738 Nerui

170 776 303 814 vero
342 763 543 813 animae
593 762 907 831 inseruiunt,
955 777 1065 834 quo
1111 764 1417 819 musculum
1463 765 1606 836 quasi
1636 778 1852 835 tangere

170 861 402 914 eumque
443 846 505 896 ad
553 858 770 900 motum
819 847 974 899 suurn
1021 846 1281 900 edendum
1329 850 1614 906 sollicitare
1677 852 1849 923 poffit.

168 929 353 1000 anue
395 929 601 983 ratione
648 931 702 981 in
770 927 990 982 diuersis
1052 932 1291 998 corporis
1360 936 1596 1004 partibus
1668 949 1852 990 motus

171 1030 273 1085 pro
318 1012 487 1066 lubitu
528 1013 728 1067 excitat
774 1013 1136 1083 moderatque.

367 1179 560 1249 Neque
607 1179 659 1230 in
706 1193 927 1247 corpore
968 1175 1207 1231 humano
1246 1182 1494 1252 exempla
1542 1184 1725 1240 desunt
1757 1187 1848 1242 vbi

168 1276 261 1319 aut
306 1263 491 1315 validis
540 1261 793 1313 musculis
836 1260 1044 1313 validae
1087 1263 1299 1331 exiguis
1343 1267 1432 1320 iub
1473 1272 1652 1323 neruis
1706 1272 1849 1326 vires

165 1347 474 1399 exseruntur
506 1384 521 1410 ‚
564 1358 656 1398 aut
721 1343 1063 1399 debilioribus
1132 1349 1368 1417 partibus
1438 1355 1621 1421 magni
1690 1358 1846 1411 nerui

163 1430 423 1501 praesunt.
512 1425 650 1484 Illud
700 1428 755 1481 in
797 1431 955 1483 corde
999 1432 1142 1502 quod
1186 1431 1392 1488 viribus
1418 1476 1434 1504 ‚
1476 1452 1603 1507 quas
1636 1442 1846 1510 exserit,

164 1528 272 1567 non
317 1513 493 1567 minus
522 1551 538 1578 ‚
602 1519 767 1584 quam
816 1528 1109 1569 neruorum
1154 1517 1374 1573 suorum
1414 1522 1714 1590 ‘exiguitate
1760 1524 1846 1577 in·
1883 1581 1886 1585 ,

165 1594 308 1665 figne
353 1597 465 1666 est,
510 1595 612 1652 hoc
658 1597 713 1651 in
759 1596 939 1667 digitis
1007 1600 1227 1669 elucet,
1299 1602 1393 1672 qui
1458 1607 1661 1660 viribus
1728 1608 1848 1663 satis

163 1681 519 1736 mediocribus
563 1683 841 1752 neruisque
887 1685 1190 1753 permagnis
1232 1686 1471 1749 instructi
1518 1691 1651 1744 sunt.
1697 1690 1845 1762 Quid

163 1779 290 1832 ergo
331 1757 554 1820 demum
605 1767 789 1836 magni
835 1782 926 1821 aut
969 1769 1121 1837 parui
1168 1770 1321 1822 nerui
1394 1767 1686 1827 efficient?
1749 1783 1845 1829 aut

165 1851 289 1917 quid
353 1851 636 1907 dicendum
692 1853 797 1906 crit
841 1855 905 1922 de
947 1851 1058 1906 ilhs
1103 1853 1403 1922 muscum,
1477 1858 1568 1926 qui
1638 1859 1850 1924 magnis

167 1929 361 1996 neruis,
402 1946 454 1984 et
478 1936 540 1988 de
581 1932 680 2001 his,
721 1936 813 2003 qui
862 1950 1038 2001 paruis
1085 1936 1322 1988 instructi
1370 1936 1528 1988 sunt?
1570 1938 1839 2006 fiquidem

167 2012 265 2065 soli
309 2014 516 2070 animae
560 2015 715 2068 nerui
766 2013 1087 2079 inseruiunt,
1130 2027 1192 2068 vt
1236 2030 1416 2068 motus
1462 2021 1840 2077 musculorum

169 2095 236 2147 iis
285 2099 627 2153 mediantibus
669 2095 867 2147 excitet
908 2107 1064 2165 atque
1112 2101 1378 2167 moderet3
1422 2102 1575 2156 facile
1600 2117 1839 2176 apparet;

169 2178 241 2231 ibi
290 2178 477 2231 multis
521 2176 724 2233 fibrillis
769 2180 998 2246 nerueiS,
1040 2177 1128 2233 vel
1170 2185 1312 2251 quod
1352 2185 1494 2239 idem
1533 2188 1602 2240 est
1628 2177 1845 2258 magnis

167 2263 347 2315 neruis
372 2300 389 2325 ‚
427 2263 515 2331 qui
563 2261 751 2324 multas
795 2261 1018 2316 fibrillas
1054 2267 1359 2322 contineant
1385 2309 1401 2335 ‚
1445 2285 1579 2341 opus
1603 2272 1720 2339 effe,
1745 2273 1837 2328 vbi

167 2344 331 2400 multi
375 2357 427 2398 et
468 2347 604 2407 varii
644 2357 828 2400 motus
871 2363 898 2400 a
947 2348 1202 2403 musculis
1248 2354 1468 2424 produci
1511 2367 1564 2408 et
1606 2355 1667 2408 ab
1710 2356 1828 2409 ani-

167 2446 256 2483 ma
284 2430 524 2497 excitari,
566 2431 816 2502 variaque
846 2432 1053 2487 ratione
1076 2435 1421 2493 determinari
1464 2450 1517 2492 et
1562 2441 1830 2496 moderari

164 2514 374 2584 possunt
401 2553 416 2577 ‚
453 2513 558 2568 fine
599 2532 722 2570 cum
769 2532 961 2586 magna
1012 2519 1071 2572 vi
1116 2519 1176 2575 hi
1246 2536 1428 2576 motus
1489 2538 1830 2581 exerceantur

160 2598 213 2650 in
262 2598 503 2653 musculis
545 2603 748 2671 magnis
788 2611 842 2654 et
882 2602 1107 2673 validi5‚
1152 2604 1262 2660 fiue
1307 2607 1364 2660 in
1408 2607 1660 2662 debilibus
1704 2624 1829 2664 mu-

102 2682 312 2736 sculis
356 2683 538 2746 debiles
582 2691 956 2746 tantummodo
1003 2697 1179 2744 motus
1224 2690 1345 2758 sint,
1387 2696 1474 2759 qui
1520 2697 1827 2765 producun-

162 2776 292 2835 tur5
337 2765 408 2821 ibi
451 2784 581 2832 vero
621 2786 839 2850 magnos
883 2789 1077 2831 neruos
1108 2775 1402 2852 superfluos
1425 2779 1544 2848 effe,
1588 2782 1825 2836 minores

857 2852 1025 2914 Zzz
1069 2878 1106 2914 2
1687 2879 1820 2922 con·
