2402 3329
510 200 625 263 588
1068 189 1222 260 eze-223
1266 187 1285 252 (
1329 208 1363 246 0
1407 190 1432 257 >
1475 188 1628 258 &2230-

881 330 1811 402 DETERMINATIO

508 462 742 547 LON
751 463 1019 544 GITV
1030 460 1216 541 DIN
1226 463 1306 540 IS
1330 461 2188 544 GEOGRAPHICAE

574 619 1113 686 PLVRIMORVM
1185 621 1619 693 LOCORVM‚
1687 623 1775 678 IN.
1849 621 2122 697 QVIBVS

718 727 1046 788 ECLIPSIS
1099 727 1304 785 soms
1366 731 1431 784 A.
1477 736 1665 802 1769.
1715 727 1986 787 OBSER-

1119 829 1338 883 VATA
1393 831 1594 917 rvir.

1165 989 1543 1049 Auctore

827 1138 1059 1199 AND.
1146 1140 1355 1233 ΙΟῌ.
1445 1142 1881 1208 LEXELL.

1333 1324 1381 1360 1.

583 1450 698 1494 uter
739 1432 1023 1495 methodos
1069 1435 1237 1507 vulgo
1293 1441 1508 1498 vsitatas
1537 1488 1550 1514 ‚
1625 1462 1724 1518 pro
1791 1451 2209 1512 determinandis

624 1524 1051 1592 longitudinibus
1097 1525 1346 1581 locorum
1389 1543 1455 1581 ex
1505 1532 1758 1588 institutis
1827 1539 2209 1593 obseruationi-

512 1611 608 1664 bus
654 1608 956 1680 Eclipfium
1003 1608 1186 1677 Solis,
1226 1613 1652 1682 frequentissimo
1695 1623 1789 1673 vsu
1839 1625 1975 1693 apud
2025 1625 2209 1677 Astro-

515 1710 713 1747 nomos
759 1692 992 1744 inualuit
1035 1710 1093 1744 ea
1127 1732 1140 1757 ,
1193 1711 1294 1762 qua
1339 1711 1405 1747 ex
1454 1698 1816 1765 Longitudine
1864 1719 1915 1756 et
1961 1705 2209 1759 altitudi-

516 1794 586 1830 ne
634 1774 983 1842 Nonagefimi
1010 1813 1026 1841 ‚
1069 1775 1364 1829 Parallaxes
1409 1779 1594 1835 Lunae
1639 1796 1747 1837 tam
1792 1787 1847 1838 in
1892 1787 2206 1858 Longsstudi-

516 1875 640 1913 nem
689 1873 853 1931 quam
902 1859 1276 1913 Latitudinem
1317 1863 1794 1936 determinantur,
1848 1872 2068 1943 indeque
2112 1891 2208 1927 ve-

515 1958 642 1996 rum
713 1957 927 2009 tempus
995 1943 1393 1994 coniunctionis
1455 1946 1596 2000 Solis
1661 1965 1715 2004 et
1761 1953 1942 2011 Lunae
1983 1958 2206 2016 eruitur.

517 2027 706 2100 Quum
754 2027 924 2092 igitur
966 2026 1152 2077 eodem
1199 2027 1306 2078 fere
1350 2039 1634 2097 tempore,
1701 2050 1808 2103 quo
1852 2041 1912 2092 ad
1959 2042 2212 2109 praescri..

410 2183 414 2185 >
517 2124 676 2184 ptum
745 2108 1160 2176 elegantiffimae
1232 2110 1480 2165 Methodi
1540 2116 1604 2169 ab
1652 2115 1843 2175 Illustr.
1891 2122 2073 2181 Eulero
2117 2128 2212 2180 in-

515 2207 706 2250 ventae
750 2191 908 2267 (quae
954 2194 1008 2246 in
1058 2194 1195 2248 Part.
1243 2194 1317 2249 ΙΙ.
1364 2198 1528 2252 Tom.
1575 2200 1739 2259 XIV.
1781 2204 1978 2270 horum
2029 2212 2210 2268 Com..

519 2292 748 2336 mentar.
792 2276 1029 2347 expofita
1075 2280 1340 2349 legitur),
1385 2283 1748 2355 plurimarum
1775 2293 2209 2353 obseruationum

519 2366 678 2435 super
727 2360 931 2432 Eclipfi
977 2361 1151 2419 Solari
1200 2368 1362 2421 Anno
1417 2375 1591 2437 1769.
1637 2376 1892 2430 saetarum
1939 2383 2209 2438 castulum

521 2447 903 2515 instituiffem3
947 2448 1134 2504 auidus
1180 2451 1334 2504 effem
1382 2453 1511 2508 scire
1543 2496 1556 2522 ,
1603 2473 1668 2510 an
1717 2462 1980 2522 Methodo
2025 2467 2210 2524 Nona-

524 2533 713 2602 geslmi
762 2532 996 2589 adhibita
1040 2537 1103 2591 ad
1146 2539 1351 2591 easdem
1403 2540 1708 2609 pertingere
1752 2546 1937 2605 liceret
1991 2555 2210 2609 conclu-

524 2617 739 2688 fiones;
805 2630 868 2672 vt
934 2616 1025 2671 has
1089 2621 1516 2691 obseruatione5‚
1586 2628 1867 2686 secundum
1929 2654 2211 2712 praecepta

526 2719 740 2773 quoque
786 2701 1032 2758 Methodi
1082 2705 1510 2776 Nonagefimalis
1553 2727 1955 2791 computarem,
2002 2726 2055 2778 in
2100 2727 2213 2781 ani-

533 2803 693 2843 mum
739 2789 944 2847 induxi.
1036 2791 1300 2851 Laborem
1345 2805 1526 2851 autem
1571 2794 1719 2857 hunc
1763 2806 2021 2879 adgressus
2047 2853 2063 2880 ,
2124 2813 2212 2866 in-

2041 2895 2208 2966 fignes
