2402 3329
335 212 664 276 LAMINIS
694 210 1033 270 ELASTIC.
1061 213 1113 270 A
1150 207 1716 272 PERCVSS.1MPR.
1779 223 1892 282 :365

413 371 455 434 ς.
504 386 559 434 4.
608 364 752 439 Quia
801 362 1068 437 pundtum
1115 362 1461 434 percuffionis
1505 366 1565 420 ad
1622 364 1906 417 arbitrium

220 453 360 508 sumi
406 453 570 524 potest
598 487 611 511 ‚
652 452 822 519 liquet
868 450 1133 504 rationem
1182 464 1556 520 quamcunque
1604 448 1777 502 datam
1828 447 1907 500 in-

221 551 302 592 ter
346 551 639 607 Vtrumque
693 549 904 588 motum
972 532 1205 588 obtineri
1281 533 1457 601 poffe;
1525 532 1650 586 haec
1719 546 1903 587 autem

220 625 407 690 vtique
453 622 592 676 ratio
638 637 742 672 non
790 617 1087 672 mutabitur
1132 617 1239 671 siue
1305 619 1492 671 fort'us
1561 618 1670 671 siue
1739 617 1912 671 leuius

218 708 369 774 virga
415 703 641 776 percussa
689 705 866 759 fuerit.
978 704 1136 777 Quod
1188 701 1226 754 si
1273 718 1405 757 vero
1446 703 1499 754 in
1548 703 1660 773 ipso
1721 713 1909 755 centro

218 792 499 860 grauitatis
545 793 876 862 percutiatur
919 789 1100 841 omnis
1145 788 1415 842 euanescet
1463 801 1644 841 motus
1701 797 1914 841 rotato-

219 881 331 933 rius
362 917 376 942 ,
439 876 562 946 quia
635 889 764 929 tunc
819 888 1064 930 centrum
1115 871 1458 927 oi'cillationis
1504 871 1716 926 infinite
1760 870 1913 925 distat

221 979 249 1015 a
296 961 492 1024 punem
539 959 879 1029 percuffionis
926 957 1036 1010 fine
1106 973 1134 1007 a
1196 970 1385 1010 centro
1453 957 1780 1024 gratiitati5‚
1847 953 1916 1006 fic

221 1060 283 1100 vt
329 1046 464 1098 linea
510 1062 547 1095 α
576 1041 605 1094 ξ
653 1052 860 1095 maneat
901 1040 1199 1092 constanter
1272 1037 1519 1106 parallela
1583 1055 1709 1092 cum
1777 1037 1917 1090 linea

220 1129 325 1184 ab.
415 1126 698 1194 Viciffim‚
768 1131 894 1177 dato
938 1135 1169 1191 Vtroque
1215 1134 1370 1174 motu
1419 1122 1471 1173 in
1526 1122 1678 1190 virga
1748 1119 1919 1175 simul

223 1212 585 1278 coexistente‚
654 1208 806 1264 facile
873 1208 979 1260 erit
1050 1204 1439 1275 perCUffiOnem
1512 1207 1745 1262 indicare
1812 1220 1918 1277 qua

224 1299 385 1352 ambo
427 1308 608 1351 motus
651 1309 752 1348 vna
796 1292 1000 1344 fuerint
1057 1290 1319 1357 generati.

427 1417 469 1479 ξ.
546 1430 595 1481 5.
667 1415 851 1471 Prouti
923 1427 1107 1470 motus
1177 1414 1466 1471 rotatorius
1533 1419 1722 1489 virgae
1789 1419 1924 1475 circa

221 1507 377 1559 suum
424 1515 675 1555 centrum
721 1500 1007 1570 grauitatis
1085 1518 1188 1555 vna
1255 1519 1383 1556 cum
1454 1516 1608 1558 motu
1677 1505 1922 1559 eiusdem

218 1584 547 1659 progreffiuo
589 1587 936 1641 vniformiter
982 1584 1147 1640 simul
1194 1586 1474 1641 consistere
1518 1588 1734 1660 pofl‘unt
1763 1628 1782 1658 ‚
1845 1589 1921 1641 ita

217 1684 271 1727 et
318 1684 496 1725 motus
540 1672 815 1726 vibratorii
866 1687 991 1725 cum
1043 1683 1198 1725 motu
1250 1672 1580 1743 progreffiuo
1637 1674 1694 1725 in
1764 1674 1924 1740 virga

216 1757 504 1811 coexistere
552 1755 804 1830 possunt,
848 1756 887 1811 fi
933 1755 1126 1811 flexilis
1171 1770 1226 1811 et
1272 1755 1484 1811 elastica
1530 1768 1787 1827 ponatur:
1835 1771 1925 1828 pa-

220 1853 295 1897 tet
339 1857 551 1914 quoque
596 1853 776 1897 motus
820 1842 1143 1897 vibratorios
1184 1840 1399 1897 seorsim
1476 1841 1686 1896 sumtos
1757 1838 1927 1895 situm

219 1928 391 1980 centri
438 1926 715 1995 grauitatis
760 1946 867 1983 non
914 1928 1120 1982 variare
1169 1942 1262 1981 nec
1322 1939 1548 1980 motum
1627 1940 1806 1981 vnum
1870 1927 1932 1982 ab

220 2011 388 2064 altero
432 2012 771 2079 perturbari3
817 2015 977 2065 ambo
1019 2023 1201 2063 autem
1251 2024 1440 2065 motus
1484 2010 1653 2064 fimul
1701 2012 1762 2063 ab
1821 2024 1927 2064 vna

221 2093 508 2161 eademque
555 2090 885 2160 percuffione
933 2093 1150 2158 produci
1199 2105 1492 2159 poterunt:
1542 2107 1762 2144 nouum
1794 2091 1931 2146 istud

223 2186 609 2241 argumentum
657 2170 1007 2241 physicorum
1057 2188 1220 2245 aeque
1265 2189 1322 2225 ac
1368 2187 1776 2243 geometrarum
1807 2193 1929 2231 exa-

228 2261 375 2311 mine
421 2257 558 2311 haud
604 2258 886 2325 indignum
937 2269 1083 2328 puto.
1201 2255 1291 2310 Ne
1342 2274 1475 2313 vero
1524 2259 1577 2312 in
1627 2260 1742 2331 ipio
1781 2260 1928 2315 limi-

224 2359 290 2395 ne
334 2359 361 2396 a
408 2340 645 2411 pluribus
688 2342 1095 2396 difficultatibus
1141 2342 1410 2399 inutiliter
1465 2359 1733 2397 vexemur
1761 2387 1776 2414 ‚
1842 2358 1934 2420 tog

226 2437 338 2480 tam
385 2442 502 2480 rem
546 2429 607 2482 ad
654 2426 1065 2499 simpliciffimas
1107 2429 1358 2483 reducam
1412 2428 1753 2502 hypotheses,

419 2555 604 2610 Fuerit
648 2554 801 2624 virga
849 2554 936 2611 vel
986 2556 1191 2612 lamina
1239 2567 1348 2611 tota
1425 2559 1510 2611 sua
1578 2555 1931 2626 longitudine

225 2652 384 2706 aeque
427 2639 583 2695 crassa
617 2683 630 2708 ,
672 2642 850 2711 grauis
889 2681 904 2706 ‚
944 2640 1146 2696 flexilis
1194 2659 1248 2698 et
1294 2642 1492 2714 vbiqne
1538 2643 1773 2713 perfecte
1820 2643 1930 2697 ela-

226 2724 384 2777 sticti:
457 2723 581 2779 haec
646 2727 794 2799 super
842 2726 1004 2797 plano
1049 2726 1377 2782 horizontali
1428 2730 1692 2799 quieicens
1739 2743 1933 2798 percu-

165 2862 169 2863 ?
225 2809 393 2862 tiatur
439 2809 496 2865 in
549 2811 725 2868 medio
767 2825 950 2869 centro
994 2816 1302 2885 grauittti53
1349 2813 1418 2872 fic
1469 2813 1673 2868 lamina
1726 2828 1753 2866 a
1803 2831 1931 2884 per·

945 2895 998 2954 Z
1027 2917 1058 2955 z
1103 2916 1134 2968 3
1703 2898 1932 2956 cuffione
