2402 3329
441 214 516 274 ιε
1007 199 1163 274 Ψῖἔέἓ
1205 197 1227 266 (
1268 219 1306 260 0
1346 198 1372 270 )
1415 197 1570 269 &32⁴3ss

1208 342 1350 421 VI.

439 503 571 588 De
653 500 994 586 Criteriis
1095 494 1690 603 integrabilitatis
1780 489 2132 575 formula-

834 640 1008 705 rum
1079 603 1725 688 differentialium.

433 790 782 883 Auctore
867 785 1081 873 And.
1144 784 1312 868 Ioh.
1381 783 1653 866 Lexell
1727 809 1904 894 pag.
1969 804 2127 885 127.

434 1006 542 1161 In
585 1017 796 1075 calculo
835 1013 1093 1085 integrali
1137 1029 1219 1071 res
1261 1015 1377 1069 sane
1421 1015 1656 1070 maximi
1700 1015 1771 1071 est
1813 1015 2125 1087 momenti,

389 1101 393 1104 ’
546 1120 610 1158 ea
659 1103 976 1170 cognoscere
1018 1101 1261 1165 criteria,
1306 1113 1377 1148 ex
1421 1100 1618 1167 quibus
1659 1097 1934 1168 dijudicari
1981 1099 2138 1169 poffit

432 1201 626 1243 vtrum
673 1183 910 1240 formula
954 1182 1211 1252 quaedam
1279 1179 1650 1233 differentialis
1714 1183 2138 1251 integrationem

436 1273 737 1339 admittat,
813 1284 907 1322 nec
971 1260 1086 1320 ne?
1151 1265 1640 1338 Quemadmodum
1684 1267 1831 1319 enim
1874 1267 2144 1322 formula·

442 1371 575 1412 rum
620 1351 1029 1423 integrabilium
1077 1347 1364 1419 integralia
1409 1349 1560 1405 facile
1608 1351 1998 1419 inueniuntur3
2063 1353 2141 1406 ita

438 1459 545 1516 pro
607 1437 863 1496 formulis
957 1434 1391 1504 integrabilitatis
1459 1433 1722 1490 caractere
1802 1435 2072 1490 destitutis
2123 1476 2143 1506 .,

438 1525 641 1582 talium
687 1522 1037 1580 criteriorum
1082 1536 1183 1591 ope
1253 1519 1401 1575 facile
1468 1520 1790 1590 deteguntur
1860 1518 2144 1592 multipli-

440 1624 644 1667 catores
671 1649 689 1678 ‚
734 1610 788 1663 in
834 1623 970 1679 quos
1015 1604 1112 1660 hae
1154 1605 1418 1660 formulae
1460 1607 1579 1660 duci
1627 1607 1820 1660 debent
1848 1645 1864 1671 ‚
1908 1617 1971 1658 vt
2012 1620 2143 1659 eua-

443 1698 570 1753 dant
613 1694 972 1763 integrabiles.
1058 1691 1405 1764 Quamquam
1453 1707 1588 1744 vero
1633 1696 1780 1744 varia
1824 1687 2144 1746 huiusmodi

443 1780 659 1838 criteria
702 1795 732 1833 a
777 1777 1085 1835 Geometris
1131 1776 1448 1831 iamdudum
1497 1774 1603 1829 fint
1646 1776 1892 1843 inuenta,
1937 1775 2145 1843 singula

445 1880 628 1923 tamen
694 1881 762 1918 eo
818 1863 1127 1918 laborarunt
1193 1863 1397 1916 defectu
1455 1902 1470 1928 ‚
1537 1863 1683 1930 quod
1754 1859 1918 1913 nimis
1983 1859 2144 1912 essent

447 1948 782 2026 particularia
814 1989 829 2016 ‚
878 1948 1080 2017 infigne
1126 1947 1298 2015 igitur
1344 1945 1654 2000 Theorema
1702 1944 1765 1997 ab
1823 1942 1915 1997 Ill.
1963 1944 2146 1999 Eulero

449 2039 505 2092 in
573 2036 758 2089 Tomo
802 2032 902 2088 111.
954 2031 1142 2086 Calculi
1191 2031 1472 2101 Integralis
1539 2028 1813 2095 allatum,
1877 2045 1985 2098 quo
2047 2043 2146 2082 ex-

451 2122 672 2197 ponitur
719 2118 1004 2174 criterium
1056 2116 1483 2184 integrabilitatis
1539 2130 1641 2184 pro
1710 2112 1943 2167 formula
2009 2128 2148 2183 qua-

450 2219 663 2278 cunque
707 2201 1050 2257 differentiali
1096 2201 1236 2253 binas
1286 2198 1561 2254 variabiles
1603 2213 1641 2250 x
1679 2210 1733 2251 et
1760 2222 1805 2271 y
1859 2210 1912 2250 et
1982 2197 2148 2250 buius

454 2287 827 2348 differenti-alia
871 2301 1219 2355 quaecunque
1287 2287 1631 2347 continente,
1694 2295 1761 2331 eo
1822 2281 2018 2332 maiori
2090 2283 2146 2333 in

455 2373 636 2450 pretio
679 2369 973 2424 habendum
1020 2370 1091 2423 est
1121 2365 1323 2436 ,quod
1388 2364 1619 2419 omnino
1684 2361 2145 2428 generaliffimum

453 2461 520 2517 fit
548 2498 564 2526 ,
611 2472 766 2526 atque
812 2457 967 2509 vnica
1009 2453 1315 2507 conditione
1362 2451 1598 2515 indicet,
1668 2461 1859 2500 vtrum
1913 2448 2151 2502 formula

457 2541 730 2617 propofita
799 2537 1164 2594 differentialis
1236 2537 1653 2609 integrationem
1725 2531 1982 2585 admittat
2058 2532 2150 2586 vel

455 2623 641 2685 secus?
713 2625 825 2678 Hoc
882 2637 1065 2677 autem
1113 2620 1419 2676 Theorema
1449 2659 1463 2683 ‚
1539 2617 1665 2670 licet
1738 2616 1842 2668 iam
1913 2617 2147 2670 demum

457 2729 600 2769 anno
644 2711 933 2781 praeterito
974 2710 1026 2759 in
1074 2722 1351 2777 nunquam
1398 2704 1514 2757 satis
1560 2701 1774 2754 laudato
1816 2716 1974 2771 opere
2018 2700 2150 2755 Cal-

458 2795 551 2856 culi
594 2793 873 2866 Integralis
916 2791 1237 2863 euulgatum
1285 2792 1427 2858 fuit,
1492 2801 1669 2842 tamen
1715 2786 1775 2839 ad
1847 2788 2146 2840 minimum

2025 2883 2150 2922 ante
