2402 3329
488 274 570 326 24
1040 252 1197 319 ⁶⁰3³.ss
1243 249 1261 312 (
1308 267 1344 304 0
1394 245 1412 324 )
1456 246 1610 315 &Ic->30-

491 404 761 479 sphaerica
793 444 809 474 ,
872 401 1024 458 cuius
1066 400 1369 472 quicunque
1413 414 1562 454 arcus
1629 399 1781 454 arcui
1847 395 2009 455 alicui
2073 399 2188 455 cir-

490 492 604 547 culi
677 490 908 544 maximi
980 486 1045 540 sit
1117 484 1393 556 aequa'liS,
1461 497 1583 540 tum
1654 501 1788 539 vero
1855 498 1918 537 vt
1982 502 2083 555 pro
2128 501 2186 540 ea

492 593 655 631 curua
701 575 831 630 haec
879 569 1116 630 formula
1161 560 1352 658 (ῘΓΞηζῘ-’νὲ
1397 569 1629 622 absolute
1686 567 1752 618 fit
1819 568 2188 640 integrabiliS,

494 673 549 728 id
596 676 666 728 est
705 687 766 726 vt
813 673 925 725 eius
971 666 1225 733 integrale
1274 677 1366 733 per
1419 661 1657 731 aliquem
1728 659 1920 715 Sinum
1954 704 1970 731 ‚
2036 662 2186 729 Cosi-

493 775 627 811 num
673 757 764 810 vel
809 757 1151 822 Tangentem
1192 747 1433 819 exprimi
1481 759 1656 818 queat.
1771 744 1946 800 Facile
2004 761 2188 801 autem

493 856 640 915 patet
687 841 769 894 his
813 837 1205 894 conditionibus
1271 830 1558 902 satisfieri,
1628 830 1665 884 ss
1733 846 1901 887 curua
1967 831 2190 886 euoluta

487 928 746 982 statuatur
790 926 1027 980 circulus
1093 921 1314 988 minor,
1382 917 1532 971 cuius
1597 917 1773 970 radius
1841 920 1900 972 ad
1976 916 2190 971 radium

487 1010 755 1081 Sphaerae
800 1011 1072 1064 rationem
1121 1016 1298 1059 teneat
1341 1000 1657 1056 rationalem
1691 1043 1705 1061 .,
1771 1017 2010 1071 quorum
2080 1002 2191 1055 cir-

489 1096 744 1149 culorum
813 1108 983 1161 quum
1053 1089 1266 1140 infinita
1345 1090 1504 1138 detur
1581 1087 1932 1155 multitudo,
2012 1087 2190 1141 videri

488 1178 654 1248 posset
727 1174 966 1228 infinitas
1032 1184 1246 1242 quoque
1317 1166 1668 1237 problematis
1733 1168 2017 1220 solutiones
2063 1169 2191 1225 hinc

490 1262 769 1324 deriuari,
838 1272 1012 1329 quum
1086 1268 1263 1309 tamen
1341 1250 1439 1302 hae
1481 1266 1668 1302 omnes
1714 1251 1894 1305 eadem
1942 1269 2193 1322 compre.

496 1344 797 1400 hendantur
854 1339 1133 1404 formula,
1198 1335 1258 1388 ad
1327 1336 1539 1388 ⁷micam
1607 1332 1933 1386 solutionem
2003 1353 2191 1391 omnes

495 1430 687 1484 referri
740 1428 972 1500 possunt.
1065 1419 1490 1478 Difficillimum
1535 1431 1713 1471 autem
1760 1419 1830 1471 est
1878 1419 2192 1490 diiudicare,

494 1530 559 1567 an
608 1526 815 1587 praeter
860 1507 1091 1565 circulos
1149 1507 1428 1571 mssnore5‚
1497 1502 1630 1556 aliae
1698 1519 1911 1574 quoque
1977 1505 2195 1558 describi

496 1612 692 1669 queant
740 1613 938 1651 curuae
977 1591 1334 1666 geometricae
1364 1631 1378 1659 ,
1450 1588 1863 1660 proprietatibus
1912 1589 2064 1661 supra
2109 1605 2195 1643 re-

497 1683 708 1754 quisitis
763 1684 1061 1752 gaudentes·
1193 1677 1310 1730 Hoc
1379 1671 1564 1729 saltem
1632 1673 1780 1727 facile
1846 1673 2191 1728 demonstrari

500 1769 667 1840 potest
697 1809 712 1833 ‚
756 1770 897 1838 quod
944 1763 1128 1820 omissa
1173 1761 1368 1814 vltima
1412 1759 1758 1824 conditione,
1825 1774 1926 1830 qua
1988 1759 2193 1814 scilicet

499 1855 848 1925 requiritur,
916 1864 978 1905 vt
1040 1835 1261 1939 (154ξὲᾞὶ
1339 1843 1403 1898 sit
1481 1843 1797 1911 integrabile
1847 1885 1862 1913 ,
1948 1842 2192 1899 infinitae

496 1951 726 2005 omnino
768 1949 957 2003 dentur
999 1963 1194 2001 curuae
1262 1941 1623 2012 geometricae
1687 1955 1920 2010 quarum
1984 1938 2192 1993 1·εᾶἰῇ-

495 2036 681 2103 catio,
733 2050 825 2104 per
867 2049 1022 2087 arcus
1067 2025 1259 2086 circuli
1306 2026 1532 2079 maximi
1583 2021 1820 2078 exhiberi
1868 2037 2044 2095 queat.
2130 2022 2189 2078 Si

498 2120 647 2172 enim
715 2135 879 2172 curua
947 2128 1287 2188 quaecunque
1367 2109 1707 2165 Geometrica
1781 2111 1835 2162 in
1916 2107 2191 2180 superficie

494 2201 775 2273 Sphaerica
821 2204 1073 2272 descripta
1153 2206 1482 2268 proponatur
1514 2234 1529 2260 ‚
1590 2206 1739 2246 certo
1806 2193 2003 2246 constat
2073 2195 2192 2248 eius

495 2288 769 2340 euolutam
817 2302 1029 2356 quoque
1076 2286 1186 2336 fore
1233 2278 1640 2334 Geometricam
1694 2290 1749 2330 et
1817 2277 2028 2345 insuper
2093 2277 2191 2329 hac

495 2370 826 2442 proprietate
871 2369 1094 2437 gaudere
1123 2407 1137 2430 ‚
1205 2375 1266 2415 vt
1312 2358 1542 2425 singulae
1586 2357 1704 2409 eius
1750 2358 2025 2426 portiones
2095 2375 2188 2429 per

496 2471 646 2508 arcus
687 2454 1015 2506 circulorum
1071 2448 1448 2502 maximorum
1495 2443 1913 2510 exprimantur,
1976 2442 2064 2495 vbi
2114 2454 2188 2496 ta-

499 2555 623 2593 men
673 2540 722 2592 id
772 2532 1120 2593 memorabile
1166 2530 1234 2585 est
1262 2573 1275 2597 ,
1337 2527 1477 2601 quod
1523 2525 1694 2580 adhuc
1747 2527 2033 2598 perspicere
2079 2542 2186 2580 non

494 2623 652 2678 liceat
694 2624 972 2692 quomodo
1020 2617 1261 2673 inuentio
1303 2611 1571 2667 eiusmodi
1618 2625 1906 2666 curuarum
1939 2625 2006 2662 ex
2032 2611 2184 2681 prin-

495 2709 649 2776 cipiis
696 2725 844 2761 mere
887 2703 1163 2772 analyticis
1213 2696 1444 2751 inueniri
1488 2708 1687 2766 queat,
1751 2695 1897 2767 quod
1942 2694 1980 2747 st
2031 2692 2185 2766 prae·

498 2794 631 2848 stare
674 2792 860 2846 liceret
891 2832 905 2854 ‚
956 2786 1182 2842 maximi
1230 2783 1345 2835 sane
1389 2777 1512 2834 esset
1557 2782 1677 2834 vsus
1722 2779 1778 2833 in
1823 2780 1919 2835 hac
1977 2779 2183 2849 Analy-

492 2878 600 2933 seos
646 2890 793 2950 parte
840 2874 1071 2932 vlterius
1115 2866 1417 2926 excolenda.

1831 2943 2182 3007 PHYSICO—
