2402 3329
501 190 1059 254 FLVIDonM
1130 193 1538 258 LINEARI.
1653 198 1672 217 ⁶
1740 220 1878 271 3033

180 344 366 402 ficium
429 347 526 403 Oo
588 344 894 419 expellatur
922 387 938 416 ‚
1002 346 1071 402 ob
1111 344 1205 400 dv
1229 362 1357 403 :0
1412 343 1691 405 habebitur
1732 350 1861 409 haec

180 444 460 505 aequatio:

308 535 1431 628 4g(L—k÷a-o)=vv(t—{÷⁴4)

177 674 314 729 vnde
386 669 425 725 fi
494 669 801 742 amplitudo
864 674 919 726 in
966 673 1072 727 Aa
1117 671 1342 743 aequalis
1388 670 1453 724 fit
1497 667 1715 726 orificio
1758 661 1861 717 Οθ

175 760 257 811 vti
304 759 357 812 in
403 755 575 826 capite
620 756 962 826 praecedente
1010 756 1200 828 preffio
1249 757 1305 809 in
1372 758 1422 810 A
1450 773 1483 810 a
1546 754 1697 809 debet
1764 745 1862 799 effe

175 839 221 896 L
248 857 317 893 z
343 840 601 904 k÷o'-
626 853 657 898 a
684 881 699 911 ‚
767 858 938 915 neque
1001 841 1127 896 hinc
1168 841 1411 897 celeritas
1453 856 1490 895 v
1532 842 1639 912 ipsa
1684 840 1863 895 deter-

172 938 429 980 minatur.

719 1003 1130 1084 (ZorolL
1249 975 1315 1076 ὲ.

365 1135 459 1186 92.
511 1119 590 1173 At
632 1118 672 1173 si
715 1118 1022 1192 amplitudo
1082 1118 1391 1173 Aazcc
1457 1118 1635 1172 maior
1699 1119 1862 1174 fuerit

167 1220 333 1278 quam
389 1204 661 1260 orificium
721 1200 917 1257 Oo:
925 1202 994 1272 ff
1005 1241 1022 1265 ,
1057 1207 1175 1270 ‘pro
1232 1213 1413 1253 motus
1473 1204 1854 1258 vniformitate

165 1290 407 1347 celeritas
446 1287 678 1341 effluxus
722 1300 759 1336 v
804 1286 875 1337 ita
919 1281 1174 1337 definitur
1223 1293 1283 1338 vt
1329 1282 1434 1337 fit:

291 1418 330 1455 v
352 1415 388 1453 v
410 1415 480 1450 z:
504 1385 1015 1451 ΜΞ-Ἐ-Ῥ-ΞΕ.

663 1444 705 1476 04
722 1443 826 1485 -f4

163 1513 285 1568 Hoc
328 1530 461 1584 ergo
505 1515 620 1569 casu
671 1512 865 1570 necesse
922 1514 994 1568 est
1061 1525 1124 1568 vt
1193 1514 1258 1567 fit
1323 1512 1368 1567 L
1395 1515 1451 1581 >
1483 1513 1513 1568 k
1540 1521 1619 1574 -l-
1647 1527 1675 1569 o
1700 1538 1753 1551 ⁴·-
1777 1523 1811 1566 α
1836 1550 1857 1579 ,

161 1610 318 1672 atque
358 1615 428 1654 ex
473 1599 580 1656 hoc
621 1599 825 1654 excelsu
868 1597 1110 1654 celeritas
1151 1599 1387 1654 effluxus
1431 1599 1831 1653 determinatur.

705 1743 915 1823 Cor
949 1768 998 1822 Ο
1027 1745 1048 1823 l
1080 1731 1126 1822 l.
1247 1771 1309 1843 3.

343 1880 459 1935 293.
505 1862 598 1920 Sin
645 1876 831 1919 autem
878 1863 1188 1936 amplitudo
1235 1865 1488 1919 Aazcc
1548 1859 1730 1916 minor
1785 1856 1850 1912 fit

157 1944 372 2002 orificio
438 1951 629 2004 00:
635 1948 707 2022 ff
721 1990 736 2017 ,
803 1964 984 2004 motus
1053 1950 1401 2005 vniformitas
1460 1948 1595 2002 hanc
1637 1943 1850 2018 praebet

160 2032 535 2099 aequationem

160 2256 300 2310 vnde
370 2267 513 2329 patet
582 2265 798 2309 motum
868 2254 1198 2325 aequabilem
1270 2255 1502 2311 obtineri
1549 2271 1654 2308 non
1701 2253 1842 2325 posse

160 2339 258 2393 nisi
306 2339 368 2394 fit
413 2341 458 2395 L
487 2341 544 2407 <
574 2341 920 2405 k-l-o-eu
967 2352 1123 2413 atque
1168 2356 1238 2395 ex
1278 2339 1381 2396 hoc
1424 2340 1632 2397 deflectu
1691 2336 1843 2394 cele-

158 2426 289 2478 ritas
330 2426 562 2480 effluxus
602 2424 1009 2486 determinatur.

645 2544 1128 2648 ⁴Scholion
1248 2603 1297 2650 1.

360 2727 460 2778 94,
499 2707 706 2770 Omnia
751 2711 881 2768 haec
924 2729 1067 2771 certe
1108 2713 1227 2768 sunt
1273 2711 1513 2769 maxime
1549 2711 1838 2785 paradoxa,

156 2810 286 2858 eum
352 2812 422 2851 ex
484 2798 665 2853 eadem
735 2799 989 2872 preffione
1053 2800 1130 2870 L,
1184 2813 1288 2872 qua
1330 2814 1466 2870 aqua
1509 2799 1565 2853 in
1609 2798 1836 2865 sectione

1722 2883 1777 2939 A
1800 2897 1835 2938 a
