2402 3329
304 1475 514 1521 Truncus

592 218 712 272 344
967 196 1893 262 OBSERVATINOES

584 353 813 410 mediani
862 355 913 407 in
965 352 1064 408 fele
1108 355 1197 421 est,
1242 357 1321 411 sed
1365 352 1601 424 longior,
1645 350 2074 420 elegantiorque‚
2117 347 2265 404 viam

585 441 882 512 producens
927 438 1269 509 ampliorem.
1357 439 1459 492 Hic
1507 440 1779 492 medianus
1822 451 2059 502 neruus,
2103 435 2266 487 etiam

583 526 698 598 post
742 537 976 596 acceptas
1021 525 1215 578 radices
1259 542 1287 578 a
1330 527 1607 590 cubitan,
1655 537 1832 577 tamen
1879 519 2103 574 sensibili
2149 533 2267 587 gra-

583 610 652 663 du
703 612 919 664 tenuior
966 608 1156 662 itidem
1203 610 1272 663 est
1319 626 1477 680 quam
1539 611 1814 663 medianus
1881 607 1936 659 in
2002 603 2270 669 homine,

585 707 639 747 et
683 695 1037 767 proportione
1082 694 1408 766 reliquarum
1459 697 1699 765 partium
1750 694 1855 747 fere
1901 689 2120 760 octuplo
2192 700 2271 740 te·

585 781 835 834 nuiorem
882 778 979 832 effe
1026 780 1220 835 censeo,
1308 783 1369 833 In
1439 778 1537 832 fele
1605 792 1657 832 et
1724 777 2076 832 coniunctum
2138 786 2270 826 cum

581 866 820 918 cubitaeo
865 877 1029 930 vsque
1076 863 1181 914 fere
1223 864 1285 913 ad
1331 863 1617 915 tranfitum
1685 879 1779 931 per
1846 863 2083 914 foramen
2152 856 2269 911 offis
2326 863 2367 940 Ἰ

582 945 840 1010 humeri,
894 943 981 995 vbi
1031 953 1256 1011 vterque
1305 959 1487 994 ramus
1535 961 1561 995 a
1608 945 1655 996 se
1719 946 1958 998 inuicem
2033 942 2271 1008 secedit,

582 1041 636 1082 et
678 1030 972 1099 separatum
1023 1037 1276 1079 truncum
1322 1025 1468 1080 hunc
1516 1028 1827 1080 medianum
1878 1030 2072 1094 reperi.
2145 1027 2271 1081 Siue

584 1131 718 1167 vero
763 1112 1012 1183 proprius
1059 1122 1323 1178 truncu5‚
1394 1111 1501 1165 siue
1566 1125 1752 1164 ramus
1821 1111 1984 1164 fuerit
2051 1110 2272 1178 trunci,

584 1198 677 1255 fibi
725 1214 847 1251 cum
887 1197 1126 1251 cubitaeo
1193 1201 1549 1262 communi-5,
1610 1197 1959 1268 proportione
2023 1192 2272 1248 animalis

585 1297 765 1337 tamen
813 1285 977 1337 etiam
1025 1279 1268 1335 humano
1300 1322 1314 1348 ‚
1359 1281 1568 1337 crassior
1613 1284 1683 1336 est
1712 1322 1727 1349 ‚
1798 1279 1922 1333 Lcet
1983 1294 2270 1334 enormem

585 1368 738 1423 illam
783 1367 1068 1422 craffitiem
1113 1383 1217 1419 non
1266 1365 1451 1421 habeat
1481 1408 1496 1434 ‚
1541 1382 1702 1435 qnam
1750 1365 1968 1420 radialiS.

783 1452 1054 1508 Secundus
1103 1467 1204 1522 pro
1246 1452 1467 1506 brachio
1534 1463 1754 1506 truncus
1820 1448 2095 1506 ceruicalis
2159 1448 2274 1519 post

301 1539 513 1588 secundus
583 1534 793 1609 aliquod
839 1541 899 1593 ab
937 1552 1062 1591 ortu
1108 1536 1337 1607 spatium
1389 1552 1491 1591 tres
1537 1537 1790 1592 notabiles
1826 1551 2024 1590 ramos
2097 1533 2269 1587 reddit

302 1606 401 1666 (ἧὲ
436 1621 473 1658 3·
498 1603 564 1665 b)
584 1623 1013 1687 anastomotic05‚
1054 1637 1082 1673 a
1128 1623 1176 1673 se
1206 1623 1431 1675 inuicem
1462 1635 1718 1689 remotOS,
1763 1626 2045 1684 breuiorem
2093 1618 2271 1688 quiin

587 1703 813 1774 plexum
862 1704 1035 1757 latum
1085 1702 1431 1774 planumque,
1481 1719 1507 1754 a
1556 1706 1717 1757 tertio
1760 1717 1814 1756 et
1858 1719 2050 1770 quarto
2077 1715 2267 1754 trunco

303 1802 450 1848 Nerui
485 1816 552 1843 ax·
584 1791 928 1855 formatum,
991 1786 1312 1841 inseruntur.
1441 1784 1685 1840 Polihaec
1756 1799 1975 1838 truncus
2039 1783 2143 1853 ipse
2215 1785 2288 1838 in.

304 1868 446 1912 illares

587 1874 716 1926 duos
766 1887 941 1925 ramos
983 1869 1223 1939 aequales
1267 1867 1539 1943 finditxur3
1582 1884 1738 1943 atque
1785 1868 1843 1921 hi
1891 1870 1977 1921 sub
2042 1866 2270 1923 cellule·
2312 1892 2315 1893 ⁷

302 1931 391 1994 (fig
411 1931 713 2022 3·⁷⁷²›⁷1)sam‚
756 1971 887 2024 quae
932 1952 1351 2022 subscapularem
1400 1955 1637 2018 obducit,
1683 1965 1880 2023 repunt
1922 1957 1980 2006 ad
2009 1952 2268 2020 angulum

585 2042 722 2095 inter
769 2037 1063 2091 humerum
1113 2049 1166 2089 et
1210 2035 1478 2106 scapulam
1523 2051 1576 2089 et
1628 2037 1681 2088 in
1746 2037 2014 2099 musculos
2078 2038 2270 2108 super-

583 2122 882 2196 scapulares
936 2135 989 2176 et
1034 2121 1125 2192 qui
1171 2121 1232 2174 ad
1278 2120 1418 2174 latus
1463 2123 1699 2176 exteriu's
1764 2119 1977 2174 humeri
2045 2122 2274 2192 superne

585 2208 924 2264 collocantur
953 2248 968 2275 ,
1018 2207 1116 2261 sese
1159 2205 1477 2261 distribuunt
1505 2247 1518 2272 ‚
1586 2211 1722 2260 vnde
1764 2221 1894 2275 ergo
1939 2218 2088 2278 patet
2115 2248 2130 2273 ,
2175 2204 2271 2259 hos

586 2309 768 2349 ramos
814 2292 937 2347 loco
980 2294 1088 2345 eius
1131 2291 1281 2345 nerui
1327 2290 1446 2356 effe,
1488 2290 1580 2360 qui
1628 2290 1685 2344 in
1732 2290 1957 2346 homine
2031 2289 2273 2344 axillaris

586 2380 795 2434 dicitur.
886 2377 1116 2447 Vtrique
1174 2375 1336 2429 fimul
1405 2374 1569 2429 sumti
1634 2378 1861 2431 omnino
1927 2377 2153 2431 maiores
2219 2386 2275 2428 et

588 2463 812 2536 quilfbet
853 2478 1042 2516 eorum
1077 2461 1299 2515 circiter
1345 2458 1572 2529 aequalis
1616 2461 1684 2514 est
1733 2461 1949 2517 axillari
1997 2460 2271 2525 humanm

526 2606 528 2609 ,
586 2551 672 2604 sed
720 2547 957 2602 multum
1005 2558 1180 2600 tamen
1221 2545 1393 2610 abest,
1459 2543 1591 2613 quin
1662 2545 1847 2601 iustam
1916 2546 2272 2620 proportione

587 2633 918 2704 reliquarum
967 2632 1206 2702 partium
1259 2628 1686 2696 magnitudinem
1736 2632 1976 2687 habeant.
2066 2633 2130 2684 In
2171 2628 2269 2684 fele

586 2719 757 2770 etiam
805 2719 896 2771 hic
965 2728 1164 2769 neruus
1229 2711 1555 2783 valdopere,
1620 2712 1924 2774 humanum
1989 2732 2150 2789 aeque
2215 2727 2272 2767 ac

592 2799 875 2875 leoninum
917 2797 1154 2856 relatiua!
1181 2796 1400 2853 craffitie
1443 2800 1662 2872 superat,

2128 2884 2266 2935 Ter-
