2402 3329
668 197 1422 258 ANAToMmAF„
1767 220 1877 273 521

201 357 307 414 scio
334 402 347 429 ‚
393 351 639 428 proprius
685 350 868 418 leoni,
919 352 1212 422 musculus,
1258 363 1482 422 magnus
1525 356 1731 412 ereestor
1766 373 1879 412 cer-

206 444 314 496 vici
354 484 368 511 ‚
417 450 559 493 antea
604 437 921 492 innotuerit.

395 602 494 654 Hic
541 601 810 657 musculus
854 603 915 656 ab
980 601 1082 656 offe
1149 602 1392 674 occipitis
1464 615 1516 657 et
1584 601 1878 671 ligamento
1905 602 2095 658 Magnus

196 685 392 739 nuc-hae
442 688 714 756 originem
762 688 908 741 suam
978 688 1145 742 ducit.
1260 688 1385 740 lude
1448 687 1708 742 flectendo
1778 690 1876 741 sese
1902 665 2082 776 {2251}ng

193 783 258 821 ex
305 783 447 842 parte
491 771 616 826 colli
666 772 944 845 posteriori
995 776 1173 828 versus
1219 773 1553 827 anterior-em
1599 789 1650 826 et
1673 775 1877 827 descen·
1902 796 1990 860 (fig.
2019 797 2146 861 hd)
2218 778 2223 781 '

189 853 362 910 dendo
408 854 566 911 simul
614 862 790 913 versus
833 857 1133 911 humerum
1192 858 1248 910 in
1304 872 1584 911 enormem
1657 859 1874 911 massam

190 954 432 992 carneam
480 942 837 1007 cylindricam
908 941 1212 1006 excrescit,
1284 955 1417 1007 quae
1490 942 1740 1006 vtrinque
1808 943 1872 996 ad

192 1023 396 1075 collum
439 1024 544 1075 duo
588 1024 727 1094 quafi
774 1023 874 1076 alia
921 1023 1059 1077 colla
1104 1022 1376 1076 accessoria
1421 1026 1607 1077 referri
1634 1026 1866 1080 videtur.

195 1104 344 1158 Nam
393 1107 428 1158 si
477 1121 654 1161 totum
696 1107 901 1162 collum
974 1109 1028 1159 in
1099 1120 1326 1177 quatuor
1392 1121 1564 1177 partes
1631 1108 1869 1180 aequales

190 1190 444 1255 diuii'eriS,
485 1192 613 1245 duae
656 1208 834 1244 earum
881 1190 1168 1242 exteriores
1213 1206 1239 1241 a
1286 1188 1406 1243 solis
1455 1194 1556 1245 fere
1604 1191 1684 1244 his
1723 1209 1868 1246 mus-

192 1275 328 1327 culis
369 1276 688 1329 efficiuntur.
781 1274 986 1338 Fibrae,
1029 1275 1163 1327 dum
1210 1275 1347 1326 circa
1391 1274 1596 1329 collum
1643 1276 1867 1332 fleetun-

191 1372 321 1425 tur,
366 1361 687 1426 diuergunt3
756 1357 809 1409 in
857 1369 1004 1427 parte
1046 1374 1178 1413 vero
1246 1360 1501 1415 anteriori
1571 1374 1624 1414 et
1695 1379 1864 1435 prope

187 1440 472 1496 humerum
526 1444 581 1495 in
628 1442 901 1512 planitiem
951 1445 1118 1512 magis
1161 1445 1538 1514 expanduntur
1608 1461 1735 1500 cum
1805 1449 1862 1501 in

184 1540 330 1596 parte
367 1526 494 1582 colli
545 1526 751 1580 laterali
802 1526 1024 1597 perfeste
1070 1528 1426 1597 cylindricam
1474 1529 1706 1598 figuram
1742 1533 1866 1588 effe-

183 1614 368 1664 cerint.
457 1608 681 1666 Insertio
728 1611 951 1665 musculi
997 1611 1273 1681 singularis
1316 1617 1399 1669 est.
1446 1613 1668 1672 Abeunt
1713 1619 1860 1672 enim
1910 1638 1922 1645 ⁷*

180 1693 339 1748 fibrae
372 1697 520 1764 eius,
563 1713 695 1769 quae
742 1698 1037 1750 exteriores
1081 1700 1199 1751 sunt
1233 1710 1284 1752 et
1311 1698 1651 1770 superficiem
1680 1713 1863 1754 tenent

178 1778 231 1831 in
280 1779 478 1834 lineam
525 1783 785 1853 quandam
829 1781 1058 1836 debilem
1101 1785 1272 1838 albam
1329 1784 1630 1839 tendineam
1658 1826 1673 1854 ,
1729 1802 1862 1857 quae

178 1864 599 1922 transuersaliter
643 1870 747 1922 fere
787 1881 842 1921 et
886 1869 1051 1923 dutstn
1105 1869 1408 1939 serpentino
1476 1871 1628 1941 super
1699 1884 1861 1942 caput

180 1945 296 1997 offis
343 1946 561 2004 humeri
608 1953 661 2004 in
706 1953 834 2004 facie
880 1954 994 2002 eius
1033 1954 1283 2002 anteriori
1312 1954 1555 2006 decurrit.
1583 1954 1694 2018 (fig.
1734 1950 1860 2024 Le.)

183 2028 320 2080 Haec
363 2029 496 2086 linea
541 2038 876 2088 formatura
923 2029 1069 2082 fibris
1119 2034 1373 2086 erestoris
1439 2034 1604 2088 huius
1672 2038 1853 2104 magni

181 2114 402 2165 ceruicis
444 2129 495 2168 et
549 2133 576 2167 a
646 2111 828 2181 fibris,
894 2115 1084 2183 quibus
1147 2115 1285 2170 alter
1350 2116 1621 2172 flexorum
1691 2121 1857 2177 cubiti

182 2200 376 2251 oritur.
463 2196 754 2268 Vtriusque
806 2199 1032 2253 musculi
1077 2196 1238 2253 fibrae
1293 2217 1504 2258 carneae
1573 2207 1734 2273 sunt,
1800 2218 1860 2265 et

181 2280 386 2334 nonnisi
431 2281 483 2334 in
531 2282 633 2353 ipsa
675 2281 834 2348 linea,
878 2301 1010 2354 quae
1058 2287 1230 2339 tenuis
1274 2289 1364 2356 est,
1407 2287 1688 2356 albescunt,
1731 2292 1858 2346 adeo

181 2378 243 2418 vt
283 2363 419 2416 lonea
460 2367 726 2422 obliterata
773 2367 896 2424 hinc
941 2370 1058 2422 inde
1110 2372 1372 2427 videatur.
1481 2375 1711 2428 Perfec'te
1781 2375 1851 2428 fi-

181 2448 329 2502 milis
372 2451 545 2506 eadem
591 2453 657 2506 est
708 2453 1136 2524 inscriptionibus
1178 2458 1438 2512 tendineis
1466 2459 1693 2514 musculi
1720 2460 1851 2514 redii

179 2534 464 2587 abdominis
492 2578 505 2603 ‚
553 2537 645 2590 nisi
693 2551 752 2590 vt
797 2541 959 2593 etiam
1006 2540 1226 2595 debilior
1296 2542 1359 2596 sit
1426 2541 1552 2598 illis,
1664 2545 1850 2601 Fibrae

176 2618 426 2671 ereetoris
469 2623 848 2693 profundiores,
898 2626 949 2678 in
979 2626 1144 2694 specie
1188 2644 1319 2696 quae
1370 2629 1424 2680 in
1474 2629 1651 2682 media
1699 2646 1846 2684 mus·

180 2701 292 2755 culi
343 2716 482 2770 parte
518 2707 643 2761 ‘sitae
685 2708 838 2779 sunt-5
883 2712 935 2764 in
981 2708 1302 2765 clauiculam
1375 2714 1713 2781 inseruntur,
1779 2730 1850 2768 ex

177 2803 277 2858 qua
329 2788 510 2843 itidem
532 2792 750 2854 ‚flexoris
775 2804 988 2867 quoque
1016 2796 1173 2852 fibrae
1202 2798 1483 2869 profundae
1507 2801 1850 2868 enascuntur,

255 2867 572 2934 Tem-XV.
591 2877 734 2936 Non.
753 2880 973 2938 Comm.
1232 2885 1279 2938 V
1309 2900 1343 2939 v
1372 2901 1408 2938 v
1715 2885 1847 2940 dum
