2402 3329
362 205 564 272 SOLIS
610 210 678 266 A.
743 217 921 279 1769.
975 210 1651 271 DETERMlNATAE.
1747 228 1855 289 591

182 362 507 435 superficiem
558 360 763 414 telluris
810 360 911 416 hoc
961 363 1013 415 in
1059 361 1178 417 loco
1225 363 1666 434 perpendiculari.
1782 368 1863 424 Sit
1887 389 1942 432 T,
1996 391 2149 438 XXXI,

181 452 361 518 itaque
409 447 456 499 A
488 445 602 498 LB
652 447 974 500 meridianus
1017 450 1234 516 quidam
1299 449 1549 501 terrestris
1615 466 1706 518 per
1768 454 1860 507 da·
1913 454 2008 514 Fig.
2050 468 2089 503 2.

177 547 294 586 tum
344 543 509 583 terrae
553 528 736 584 locum
794 532 841 584 L
909 533 1201 597 tramam,
1272 534 1364 602 qui
1423 536 1692 603 aequatori
1762 553 1861 589 oc-

173 629 351 670 currat
397 617 451 667 in
501 615 700 685 punc‘ro
746 616 831 681 A,
879 615 1013 670 Polo
1059 618 1113 670 in
1160 616 1206 670 B
1252 618 1551 687 existente,
1598 619 1860 687 suppona-

174 717 297 753 mus
338 714 519 754 autem
565 702 677 754 eius
725 699 951 771 figuram
1033 701 1132 756 effe
1191 701 1531 772 ellipticam,
1599 704 1858 773 quoniam

171 784 483 839 huiusmodi
551 784 787 854 figuram
854 803 879 839 a
952 803 1077 842 vera
1147 802 1252 841 non
1320 787 1559 842 multum
1616 786 1859 841 abludere

173 871 310 941 posse
352 871 544 924 constat
577 912 590 937 ,
656 871 827 925 dustis
874 872 1046 939 igitur
1089 873 1248 924 rectis
1292 873 1343 926 Α
1374 868 1421 925 C
1488 885 1542 925 et
1611 872 1656 926 Β
1683 872 1727 926 C
1797 867 1857 926 ad

172 969 421 1008 centrum
469 955 677 1008 telluris
723 954 800 1017 C,
845 954 940 1005 hae
979 955 1156 1007 ›redtae
1202 971 1322 1007 axes
1375 953 1618 1023 ellipseos
1663 957 1858 1010 consti·

173 1052 336 1093 tuent.
450 1037 662 1092 Deinde
714 1038 935 1090 ducatur
982 1038 1146 1091 etiam
1193 1038 1239 1091 L
1268 1039 1319 1092 O
1367 1039 1623 1092 normalis
1664 1041 1726 1093 ad
1770 1044 1857 1093 su-

172 1123 451 1195 perficiem
498 1122 702 1176 telluris
748 1124 803 1175 in
850 1122 1051 1191 punito
1093 1122 1169 1187 L,
1213 1138 1345 1190 quae
1389 1139 1563 1191 quum
1609 1126 1662 1177 in
1737 1126 1855 1194 pla-

171 1225 305 1261 num
351 1205 517 1262 ACB
561 1206 794 1271 incidat,
849 1217 1102 1258 occurrat
1153 1206 1331 1258 'restae
1377 1205 1433 1258 A
1462 1203 1508 1258 C
1555 1209 1609 1260 in
1655 1209 1855 1278 punsto

168 1289 224 1346 O
268 1306 322 1347 et
360 1295 614 1357 iungatur
659 1286 789 1343 LC.
895 1286 1019 1341 “Iam
1064 1285 1102 1339 ss
1152 1289 1422 1358 produffls
1468 1287 1585 1344 CL
1629 1305 1682 1345 et
1724 1289 1779 1348 O
1807 1295 1852 1351 L

168 1378 287 1431 bina
334 1381 387 1432 in
431 1373 582 1429 coelo
628 1373 824 1446 punsta
868 1386 902 1423 z
946 1385 997 1424 et
1044 1368 1408 1443 Zrespondere
1432 1378 1847 1448 concipiantur5

168 1462 338 1529 liquet
379 1459 632 1531 posterius
686 1457 735 1511 id
780 1455 879 1511 effe
908 1497 922 1522 ,
976 1460 1116 1528 quod
1182 1462 1551 1514 communiter
1623 1462 1846 1517 nomine
1888 1531 1894 1535 .

167 1544 347 1601 zenith
393 1541 577 1597 venire
621 1542 789 1612 solet,
834 1558 926 1594 nos
962 1557 1092 1596 vero
1135 1544 1276 1598 idem
1333 1538 1519 1598 zenith
1583 1562 1839 1618 apparens

162 1628 589 1702 appellabimuS,
658 1640 721 1682 vt
774 1627 1128 1695 distinguatur
1192 1649 1220 1684 a
1292 1629 1491 1699 puucsto
1558 1647 1629 1698 z,
1699 1634 1841 1702 quod

157 1715 308 1767 nobis
362 1714 548 1769 zenith
594 1729 791 1767 verum
835 1712 1058 1770 dicetur.
1149 1713 1357 1769 Deinde
1422 1715 1638 1767 euidens
1703 1731 1843 1785 quo·

154 1815 259 1870 que
304 1798 374 1851 est
442 1797 709 1865 angulum
765 1798 966 1853 LOA
1031 1798 1304 1868 aequalem
1374 1799 1472 1854 effe
1539 1799 1843 1857 Lat-itudini

85 1922 92 1925 -
155 1883 268 1937 loci
316 1880 361 1935 L
389 1920 406 1949 ,
448 1897 610 1953 quam
658 1883 837 1938 littera
880 1883 926 1940 L
977 1884 1400 1953 indigitabimus„

359 2064 414 2114 4.
465 2050 544 2104 Vt
586 2059 767 2100 autem
814 2059 955 2099 nunc
1000 2043 1208 2101 valores
1267 2049 1451 2119 anguli
1516 2047 1572 2106 O
1601 2042 1728 2108 [Ο
1784 2064 1840 2109 et

159 2134 329 2190 restae
373 2133 420 2185 L
447 2132 491 2187 C
536 2131 951 2199 inuestigentur,
992 2133 1314 2188 describatur
1358 2149 1549 2192 centro
1597 2137 1643 2193 C
1690 2139 1839 2194 radio

155 2220 265 2275 CA
311 2218 576 2283 circulus,
615 2218 702 2272 cui
748 2216 888 2269 recta
935 2215 1021 2271 LP
1064 2232 1134 2271 ex
1178 2219 1222 2273 L
1262 2224 1322 2276 ad
1370 2221 1471 2277 AC
1517 2223 1835 2278 normaliter

155 2302 370 2361 dcmissit
414 2317 660 2358 occurrat
705 2301 760 2354 in
807 2300 1007 2372 puncsto
1053 2302 1116 2356 M
1161 2317 1215 2358 et
1242 2306 1497 2377 iungatur
1523 2308 1667 2374 CM,
1711 2321 1834 2362 tum

156 2405 291 2444 vero
333 2388 517 2457 anguli
563 2387 752 2444 ACL
797 2400 849 2441 et
894 2389 942 2439 A
970 2388 1015 2443 C
1043 2388 1346 2446 M-litteris
1414 2392 1473 2446 N
1515 2406 1567 2457 et
1610 2392 1673 2448 M
1745 2394 1834 2446 inss

153 2476 469 2542 *fignientun
553 2473 825 2548 Quoniam
874 2474 1042 2542 igitur
1090 2476 1139 2527 A
1171 2476 1214 2530 L
1243 2478 1287 2533 B
1356 2479 1672 2550 supponitur
1728 2466 1831 2533 effe

154 2557 350 2629 ellipfis
388 2571 540 2630 atque
586 2561 722 2613 ratio
765 2560 951 2612 axium
998 2557 1194 2615 ACet
1217 2563 1322 2620 BC
1362 2566 1574 2634 cognita
1610 2562 1830 2616 assumi·-

158 2657 250 2697 tur
278 2685 292 2707 ‚
338 2644 626 2700 statuamus
671 2644 818 2700 AC:
847 2643 979 2700 BC:
1011 2663 1022 2698 :
1057 2661 1111 2699 1:
1139 2664 1167 2700 n
1194 2687 1208 2711 ‚
1274 2652 1402 2705 adeo
1471 2662 1536 2703 vt
1600 2647 1665 2702 fit
1709 2647 1754 2703 B
1781 2644 1827 2703 C

159 2725 388 2795 :ssAC
417 2767 432 2794 ‚
471 2747 637 2800 quum
683 2747 812 2783 vero
860 2731 1106 2786 habeatur
1153 2732 1276 2788 PL:
1304 2734 1424 2790 PM
1451 2750 1464 2784 :
1491 2752 1504 2788 ε
1532 2732 1667 2789 AC:
1695 2731 1826 2801 BC3

159 2814 263 2870 erit
309 2813 478 2886 Tang.
509 2814 609 2871 M:
637 2817 808 2887 Tang.
838 2816 890 2872 N
925 2817 1134 2874 :2PL2
1160 2820 1195 2875 P
1219 2819 1290 2875 M
1314 2837 1366 2878 :z
1402 2837 1462 2876 1:
1489 2836 1535 2878 n.
1582 2817 1828 2874 Vlterius

1654 2917 1828 2979 quum
