2402 3329
770 225 926 295 ·20÷:
965 224 984 289 <
1030 240 1066 278 0
1116 220 1330 298 >aaa
1797 246 1873 300 27

190 373 470 447 imprimis
513 371 948 442 considerantur,
1006 376 1166 431 1⁰.-s1
1236 389 1365 447 aqua
1434 372 1539 429 sola
1608 378 1877 445 grauitate

188 462 420 515 animata
466 477 560 531 per
606 461 794 514 tubum
843 475 1077 513 curuum
1145 463 1405 514 continuo
1470 459 1618 514 fluat.
1696 467 1769 518 2⁰.
1817 463 1873 519 Si

188 562 322 616 aqua
370 559 580 617 praeter
621 549 948 614 grauitatem
977 585 993 611 ‚
1064 547 1126 599 ad
1174 558 1472 615 Vtrumque
1519 545 1631 600 tubi
1679 549 1875 601 termi-

185 625 325 697 num
388 632 548 684 certis
620 630 826 683 viribus
868 630 1048 697 vrgeri
1092 631 1445 700 concipiatur.
1518 635 1596 696 30.
1641 631 1696 686 Si
1743 647 1876 702 aqua

184 715 241 768 in
281 714 444 768 altero
488 716 723 768 termino
764 712 949 767 effluat
978 752 993 779 ‚
1060 713 1117 766 in
1163 713 1334 766 altero
1401 730 1533 767 vero
1599 730 1876 784 prematur

184 814 213 851 a
259 798 315 851 vi
357 813 682 869 quacunque.
754 792 843 863 4¹⁰.
884 794 941 851 Si
983 812 1117 866 aqua
1161 797 1213 850 in
1257 795 1426 851 altero
1497 799 1730 853 termino
1795 803 1876 856 ef-

185 881 361 949 fluat,
431 872 485 936 in
533 883 707 936 altero
751 880 948 935 adfluat
1005 882 1122 934 data
1183 880 1242 935 vi
1314 881 1580 952 propulsa.
1711 881 1874 940 Circa

184 967 452 1020 Vltimum
496 966 639 1019 hunc
681 969 853 1021 casum
901 967 1128 1019 omnino
1173 968 1465 1030 attentione
1510 969 1735 1034 dignum
1782 971 1873 1038 est,

184 1051 224 1104 si
272 1052 353 1104 vis
401 1051 704 1122 propellens
774 1050 932 1104 fuerit
1000 1050 1236 1103 constans
1303 1061 1357 1103 et
1423 1051 1655 1115 aequalis
1729 1055 1877 1109 datae

184 1138 399 1188 cuidam
446 1134 852 1202 magnitudini,
896 1131 1228 1186 celeritatem
1277 1132 1433 1186 fluidi
1476 1135 1588 1187 fore
1631 1139 1874 1192 constan-

185 1230 341 1286 tem,
407 1217 485 1270 fin
546 1229 729 1268 autem
790 1216 874 1267 vis
918 1214 1010 1265 illa
1052 1216 1170 1266 data
1207 1213 1307 1266 hac
1352 1218 1729 1282 magnitudine
1774 1221 1875 1274 ali-

179 1312 381 1374 quanto
423 1299 489 1351 fit
532 1299 706 1350 maior
735 1337 750 1362 ,
795 1294 1123 1349 celeritatem
1174 1296 1324 1352 fluidi
1369 1300 1627 1353 continuo
1669 1304 1869 1375 augeri,

179 1385 321 1454 quod
364 1398 531 1452 quum
579 1382 806 1434 omnino
852 1380 1184 1450 paradoxum
1228 1380 1694 1453 et'experientiae
1738 1405 1872 1443 con-

176 1469 410 1521 trarium
458 1465 521 1520 fit
550 1507 564 1532 ‚
611 1467 729 1518 inde
775 1465 1097 1520 concludere
1141 1463 1264 1520 licet
1292 1508 1308 1534 ,
1380 1467 1523 1519 vires
1565 1472 1627 1524 ad
1670 1487 1863 1542 aquam

175 1548 581 1624 propellendam
628 1551 892 1604 adhibitas
941 1568 1045 1604 non
1089 1550 1202 1603 eius
1246 1550 1344 1604 esse
1390 1551 1585 1607 indolis
1615 1596 1630 1623 ,
1670 1569 1731 1610 vt
1777 1573 1868 1611 ea-

174 1639 297 1691 dem
375 1634 674 1690 intenfitate
738 1647 941 1705 agant,
1010 1650 1324 1708 quacunque
1388 1634 1662 1695 celeritate
1730 1658 1866 1713 aqua

175 1719 517 1791 propellitur.
634 1721 748 1774 Hoc
793 1719 961 1775 euim
1009 1737 1111 1790 pro
1152 1735 1302 1776 certo
1345 1733 1399 1775 et
1441 1723 1741 1779 indubitato
1783 1740 1869 1781 te-

175 1812 407 1858 nendum
452 1806 521 1859 est
549 1844 565 1871 ‚
631 1821 818 1858 omnes
864 1804 1006 1858 vires
1073 1823 1209 1877 quae
1255 1806 1315 1859 ab
1359 1806 1709 1877 hominibu5,
1754 1813 1866 1865 ani-

177 1890 445 1959 malibuS,
489 1906 649 1959 aquae
697 1889 849 1942 fluxu
921 1888 1007 1942 vel
1059 1903 1226 1944 vento
1273 1892 1719 1962 proficiscuntur,
1788 1895 1866 1949 ita

171 1976 221 2027 se
284 1972 512 2039 habere,
579 1988 640 2028 vt
715 1975 863 2028 aneta
918 1973 1188 2029 celeritate
1228 1979 1418 2032 obieeti
1460 1981 1543 2031 cui
1590 1979 1865 2050 applican-

175 2068 304 2122 tur,
368 2059 756 2126 debilitentur,
811 2072 971 2129 atque
1015 2062 1142 2113 adeo
1189 2058 1283 2115 hac
1326 2062 1598 2117 celeritate
1640 2067 1704 2118 ad
1749 2082 1866 2118 cer-

175 2151 293 2191 tum
345 2144 568 2208 gradum
613 2130 930 2195 increscente
976 2143 1134 2213 plane
1178 2151 1507 2200 euaneicant.
1599 2150 1660 2201 In
1706 2149 1862 2201 omni

174 2223 346 2289 igitur
392 2222 756 2276 machinarum
817 2236 1015 2292 motu,
1082 2242 1188 2279 non
1257 2241 1368 2281 tam
1437 2231 1500 2282 ad
1565 2230 1860 2286 absolutam

96 2315 99 2317 ’
169 2308 518 2376 quantitatem
566 2307 647 2357 vis
687 2307 988 2374 adhibitae,
1056 2326 1216 2377 quam
1269 2313 1448 2381 potius
1513 2313 1576 2365 ad
1645 2314 1860 2368 intenfi‘

172 2402 339 2443 tatem
382 2391 603 2444 aetionis
645 2391 714 2443 est
759 2392 1148 2460 respiciendum
1179 2435 1195 2461 ,
1262 2411 1396 2466 quae
1453 2395 1595 2451 aetio
1665 2398 1860 2454 defini-

170 2488 260 2527 tur
308 2491 400 2546 per
447 2475 774 2546 productum
821 2491 885 2530 ex
930 2479 991 2531 vi
1059 2478 1113 2531 in
1181 2478 1533 2534 celeritatem.
1661 2484 1856 2558 Quum

169 2560 348 2630 itaque
395 2558 499 2614 hoc
547 2559 867 2633 productum
916 2559 1125 2633 duplici
1172 2565 1291 2617 casu
1335 2570 1642 2623 euanescere
1701 2571 1857 2640 poffit

169 2645 430 2713 primum,
477 2643 514 2699 fi
583 2644 823 2699 celeritas
888 2666 1053 2710 zo,
1121 2659 1241 2702 tum
1315 2667 1447 2704 vero
1526 2651 1564 2704 fi
1611 2652 1853 2707 celeritas

168 2739 308 2780 tanta
358 2742 416 2780 vt
460 2730 542 2784 vis
583 2734 853 2784 euaneicat
883 2773 896 2798 ,
965 2733 1131 2802 liquet
1176 2737 1406 2789 omnino
1449 2735 1596 2789 datae
1630 2739 1852 2790 cuicun-

164 2827 264 2882 que
306 2814 408 2880 vi,
461 2817 758 2869 maximam
806 2810 1118 2890 respondere
1161 2819 1428 2874 actionem
1456 2861 1472 2891 ‚
1536 2836 1670 2893 quae
1715 2823 1854 2875 obti-

1036 2904 1067 2956 d
1119 2920 1151 2955 2
1691 2921 1851 2962 netur
