2402 3329
490 244 607 296 230
1031 221 1183 280 DE
1269 219 1626 279 MOTV

1047 364 1623 447 Scholion.

697 506 786 556 14,
833 488 971 561 Quia
1020 486 1121 544 hoc
1166 486 1438 558 problema
1489 485 1722 540 continet
1769 481 1950 536 casum
1999 477 2178 535 maxi·

493 589 578 628 me
624 572 904 644 specialem
952 572 1300 645 problematis
1339 569 1712 639 generalissimi
1758 583 1855 639 41,
1897 567 2059 621 etiam
2104 565 2182 619 so-

491 658 763 714 lutionem
810 657 900 712 hic
949 659 1123 712 datam
1179 659 1234 710 in
1302 656 1393 709 illa
1439 653 1825 725 generalissima
1872 664 2181 708 contentam

494 742 596 799 effe
641 756 858 816 oportet
885 785 900 812 ‚
964 744 1104 814 quod
1150 741 1369 814 quidem
1414 742 1477 795 de
1523 741 1834 812 aequatione
1905 736 2184 809 posteriori

496 829 674 897 statim
722 841 908 901 patet,
973 829 1174 902 quippe
1234 829 1327 899 qui
1395 843 1465 880 ex
1509 830 1681 881 forma
1723 825 1957 895 generali
2024 823 2188 877 nasci-

500 923 628 981 tur,
701 914 737 968 fi
795 913 1057 979 termini,
1097 913 1224 982 'qui
1291 913 1361 965 ibi
1416 911 1560 963 binas
1613 909 1890 965 variabiles
1938 908 1993 966 Y
2035 920 2089 963 et
2135 901 2187 960 Z

495 998 793 1068 inuoluunt
836 1010 1239 1065 expungantur.
1366 994 1846 1063 Quemadmodum
1889 990 2071 1046 autem
2113 1009 2197 1046 ae·-

497 1080 683 1149 quatio
731 1077 876 1150 prior
922 1093 1051 1131 cum
1094 1077 1357 1130 solutione
1401 1075 1639 1144 generali
1683 1076 1969 1128 conueniat
2011 1076 2196 1127 minus

496 1164 635 1219 clare
679 1163 1015 1235 perspicitur.
1148 1159 1444 1217 Consensus
1489 1173 1669 1214 aut-:m
1717 1161 1920 1214 iterum
1993 1150 2197 1213 ostendi

497 1250 709 1320 potest,
777 1245 815 1300 fi
891 1248 1058 1302 modo
1126 1246 1188 1300 ad
1243 1243 1624 1315 amplitudinis
1672 1246 1784 1300 tubi
1835 1244 2197 1300 variationem

497 1335 602 1386 rite
673 1332 998 1403 respiciatur.
1129 1332 1292 1385 Hunc
1349 1331 1403 1383 in
1451 1327 1620 1384 finem
1668 1331 1966 1400 spectentur
2014 1342 2197 1383 ternae

501 1419 612 1472 tubi
658 1415 1043 1484 dimensioneS,
1088 1427 1141 1470 et
1186 1412 1225 1468 fi
1270 1413 1422 1467 binae
1467 1413 1522 1467 Y
1570 1427 1623 1468 et
1666 1410 1719 1469 Z
1761 1432 1885 1487 prae
1927 1415 2200 1474 Oxzx

501 1504 624 1557 sunt
669 1500 876 1554 infinite
927 1516 1118 1576 paruae
1147 1540 1162 1567 ‚
1202 1514 1259 1552 ac
1307 1494 1358 1552 Z
1405 1499 1623 1571 quidem
1671 1513 1735 1555 vt
1779 1501 2064 1572 constantie
2102 1496 2200 1567 per

503 1597 686 1642 totum
736 1587 926 1640 tubum
975 1584 1362 1655 magnitudinis
1406 1585 1802 1654 consideretur,
1845 1597 1910 1638 vt
1949 1570 2202 1638 fitzz'Z

510 1672 729 1742 ideoque
773 1662 991 1754 (Ξ-Ξὶ);
1024 1692 1076 1739 1,
1126 1684 1246 1726 tum
1295 1687 1429 1726 vero
1469 1673 1575 1726 erit
1621 1672 1687 1725 Ω
1713 1669 1853 1727 :Y
1883 1666 1950 1727 Ζ.
1997 1668 2203 1727 Statua-

509 1778 602 1821 ΗΠ·
640 1786 671 1829 y
696 1788 762 1823 z
791 1771 834 1823 L
863 1768 954 1833 Y,
997 1769 1250 1825 existente
1292 1771 1338 1825 L
1385 1773 1658 1830 functione
1711 1773 1869 1828 solius
1937 1769 2209 1842 temporis

509 1863 558 1920 ι,
604 1850 800 1922 fietque
843 1844 1065 1936 (32321
1092 1852 1140 1905 L
1175 1868 1236 1908 -et
1273 1844 1406 1936 (fig-t)
1469 1871 1599 1909 cum
1672 1855 1893 1923 reliquis
1956 1849 2209 1904 formulis

512 1947 955 2005 differentialibus
994 1952 1303 2019 euanescit,
1371 1963 1526 2022 atque
1575 1948 1876 2016 amplitudo
1920 1944 1973 1998 in
2020 1960 2060 1999 x
2101 1942 2207 1997 erit

524 2049 566 2084 ω
590 2051 661 2084 -.;.-.
686 2031 733 2084 L
760 2032 812 2087 Y
839 2033 891 2090 Z
915 2057 983 2092 :z
1008 2035 1052 2088 L
1076 2052 1130 2088 ω.
1221 2034 1381 2087 Nunc
1427 2051 1495 2086 ex
1534 2034 1805 2086 solutione
1850 2027 2213 2096 generali'cob

523 2114 723 2183 ligitur
766 2121 921 2173 valor
962 2121 1008 2175 K
1035 2105 1250 2199 :(}{{)
1277 2117 1345 2182 L,
1378 2130 1401 2166 1
1436 2156 1450 2182 ‚
1493 2114 1588 2184 qui
1634 2113 1702 2167 ob
1743 2111 1880 2163 L.-.:
1909 2111 1954 2192 ᾗ
1989 2111 2111 2165 ‘abit
2156 2112 2212 2164 in

525 2215 571 2270 K
602 2233 668 2270 z:
691 2218 734 2297 (ᾗ
764 2205 891 2301 (ξι-ἒ)
918 2232 930 2267 :
975 2231 1087 2286 quo
1130 2216 1354 2269 inuento
1399 2208 1678 2266 manifesto
1715 2205 1785 2260 est
1832 2208 1879 2263 K
1906 2225 1937 2278 q
1961 2225 2028 2261 z
2056 2209 2122 2284 Q
2152 2219 2216 2263 vt

523 2310 724 2366 solutio
769 2315 923 2370 habet
969 2313 1276 2382 generali53
1343 2309 1516 2379 ficque
1563 2316 1670 2362 tota
1717 2303 1844 2360 haec
1906 2307 2098 2360 solutio
2157 2308 2213 2359 in

525 2396 758 2464 generali
808 2398 1158 2467 continetur,
1226 2412 1293 2452 ex
1337 2409 1501 2468 eaque
1549 2403 1609 2447 vt
1649 2390 1792 2444 casus
1835 2389 2069 2466 specialis
2121 2391 2218 2444 de-

524 2480 690 2535 riuari
737 2485 922 2556 potest.

943 2614 999 2695 P
1027 2639 1061 2691 r
1092 2641 1140 2692 ο
1171 2611 1217 2689 b
1245 2613 1267 2689 l
1295 2637 1340 2688 e
1369 2638 1451 2689 m
1480 2634 1522 2687 a
1636 2637 1788 2722 44.

300 2749 408 2799 Tab,
451 2751 503 2797 Π,
743 2745 831 2795 15.
874 2731 930 2791 Si
976 2732 1091 2785 tubi
1149 2729 1407 2784 direstrix
1477 2727 1663 2786 IYK
1726 2732 1792 2787 sit
1858 2728 1995 2789 linea
2061 2742 2220 2785 curua

300 2820 389 2881 Fig.
435 2818 502 2869 36.
533 2830 875 2896 quaecunque
921 2819 977 2873 in
1020 2815 1206 2885 eodem
1253 2816 1420 2890 plano
1460 2814 1628 2889 posita
1656 2860 1672 2890 ‚
1737 2818 1954 2891 eiusque
2017 2815 2220 2888 ampli-

523 2929 528 2933 ’
641 2916 646 2919 “
2087 2899 2223 2955 tudo
