2402 3329
687 190 1450 256 EXPOSITIO.
1782 224 1903 280 477

228 341 492 400 diametro
533 337 798 393 linearum
847 341 1095 395 duarum.
1206 343 1395 417 Lingua
1437 367 1506 404 ex
1552 352 1661 408 lato
1707 358 1906 428 princi·

230 431 322 501 pio
366 425 547 481 sensim
594 424 860 491 angustata
891 464 904 490 ,
947 428 1292 482 extremitate
1338 433 1418 487 sua
1481 435 1652 494 bifida.
1737 442 1903 497 Frons·

227 515 351 566 alba.
411 509 674 581 ·Tempora
720 508 869 576 nigra
901 549 914 574 ‚
962 524 1021 564 vt
1067 529 1227 567 omne
1268 528 1413 587 caput
1448 560 1462 587 ‚
1517 522 1774 592 collumque
1819 529 1904 581 su·-

222 597 489 667 periuset
543 593 785 646 anterius.
875 588 1084 664 Dorsum
1154 613 1393 669 cauum,
1464 605 1899 669 immaculatum.>

221 679 394 735 Gauda
435 677 667 731 forficata
695 718 709 744 ,
756 677 923 731 niuea.
1012 678 1178 735 Prona
1216 693 1343 754 pars
1386 689 1634 759 corporis
1678 707 1705 743 a
1745 707 1903 750 mento

217 766 276 818 ad
341 762 506 815 finem
578 763 834 833 vropygii
881 763 1008 817 niue
1053 767 1336 821 candidior.
1429 770 1666 844 Remiges
1717 783 1809 831 26.
1866 799 1890 835 1

216 862 271 902 et
322 867 351 900 2
401 846 761 916 longiffimi5‚
821 847 1012 915 fuscis»,
1077 847 1242 905 latere
1290 855 1565 925 posteriori
1612 859 1896 919 dimidiato

215 932 340 986 albis
374 971 389 997 ‚
434 932 656 999 reliquis
701 932 964 998 gradatim
1013 933 1308 988 minoribus
1337 978 1351 1002 ,
1416 943 1689 1007 eleganter
1749 942 1901 1003 cine·

212 1019 356 1084 rem,
396 1017 620 1069 candore
664 1016 722 1066 ad
771 1013 903 1064 latus
934 1053 949 1079 ‚
995 1015 1249 1082 posterius
1296 1019 1348 1070 in
1389 1022 1660 1094 aliquibus
1725 1030 1902 1100 super-

211 1101 324 1153 stite
351 1138 367 1164 ‚
434 1101 611 1151 subtus
654 1098 880 1151 omuino
920 1097 1090 1150 niueis
1117 1139 1132 1163 ,
1199 1105 1499 1170 praesertim
1564 1107 1887 1171 secundariis.

214 1182 468 1236 Tec‘lrices
532 1178 850 1235 concolores,
961 1180 1163 1234 Caudae
1229 1185 1472 1242 rectrices
1552 1210 1641 1250 ιε.
1684 1195 1891 1255 niueae.

210 1266 355 1321 Oculi
402 1266 705 1319 mediocres.
796 1262 987 1333 Pupilla
1031 1264 1203 1332 nigra.
1292 1267 1403 1324 Iris
1450 1273 1626 1330 liuida.
1685 1278 1892 1338 Plumae

208 1350 484 1405 femorales
527 1350 719 1402 niueae.
809 1345 967 1398 Pedes
1011 1349 1181 1403 crocei
1211 1392 1225 1418 ‚
1254 1357 1497 1420 ‘graciles
1526 1398 1540 1424 ,
1588 1362 1752 1419 tribus
1796 1383 1892 1421 an-

208 1435 491 1489 terioribus
536 1432 838 1508 membrana
885 1433 1031 1484 tenui
1080 1434 1220 1489 iuter
1267 1439 1309 1489 se
1355 1443 1710 1516 coniunctis,
1773 1467 1885 1522 po-
1964 1501 1967 1504 ,

204 1519 331 1574 stico
375 1519 607 1572 minimo
651 1513 839 1568 soluto.
930 1515 1128 1587 Vngues
1174 1519 1387 1578 incurui
1422 1567 1437 1594 ‚
1478 1529 1637 1597 nigri.

395 1620 480 1675 Ad
526 1637 680 1692 aquas
724 1622 872 1689 degit
901 1661 916 1687 ‚
960 1622 1222 1694 pisciculis
1272 1626 1577 1685 minoribus
1609 1632 1877 1704 victitant„

196 1705 566 1761 menselunio
609 1705 880 1761 nidificans
908 1748 922 1775 ,
967 1724 1069 1761 oua
1115 1708 1434 1782 plerumque
1478 1717 1585 1769 duo
1624 1719 1829 1785 pariens
1861 1755 1879 1785 ‚

193 1780 378 1864 quibus
424 1807 513 1862 per
554 1789 759 1861 aliquot
832 1792 1149 1862 septimanas
1212 1796 1432 1852 incubat.
1525 1797 1655 1854 Alte
1721 1802 1874 1857 volat

189 1890 246 1933 et
289 1875 614 1930 velocissime
643 1917 658 1942 ‚
702 1888 763 1928 vt
809 1877 1100 1932 difficulter
1147 1881 1503 1950 explodatur,
1548 1886 1679 1956 quin
1726 1886 1870 1958 quod

192 1960 362 2012 nostra
406 1976 510 2013 non
559 1960 851 2027 obtigerim
895 1963 1180 2030 specimina
1213 2004 1228 2029 ,
1273 1965 1372 2018 nisi
1420 1981 1641 2023 venator
1687 1973 1870 2039 priuS,

193 2042 413 2095 sternam
461 2041 806 2094 hirundinem
834 2079 848 2100 ,
892 2057 1056 2107 quam
1104 2045 1408 2113 agitabant,
1477 2051 1641 2119 ipsius
1707 2070 1865 2122 prae·

193 2126 315 2178 dam
361 2122 556 2176 auferre
602 2121 872 2174 tentabant
904 2163 918 2188 ,
960 2124 1260 2193 explofiffet
1294 2167 1309 2194 ‚
1348 2143 1400 2183 et
1445 2132 1716 2202 explosam
1769 2153 1863 2205 po·

194 2209 291 2262 stea
336 2207 481 2273 saepe
525 2206 577 2256 in
621 2206 736 2259 ae‘ra
783 2208 1079 2275 proiecisset
1109 2249 1124 2278 ,
1185 2224 1247 2265 vt
1293 2214 1665 2286 deciperentur
1707 2220 1864 2292 vola&

195 2307 253 2345 re
297 2287 573 2342 humilius,
1844 2316 1848 2320 ·

385 2400 599 2454 Femina
663 2417 690 2454 a
759 2400 896 2455 mari
964 2395 1053 2458 nec
1115 2403 1300 2462 colore
1346 2426 1440 2465 nec
1489 2414 1858 2484 magnitudine

189 2481 373 2537 differt.
459 2482 697 2557 Vtrique
745 2504 869 2541 vero
914 2488 1291 2547 indissolubiles
1332 2497 1475 2551 socii.

382 2598 546 2651 Trans
592 2615 735 2653 mare
784 2603 1003 2670 nigrum
1054 2620 1178 2657 vere
1242 2605 1369 2674 huc(
1416 2611 1606 2678 venit3
1668 2610 1854 2683 primo

184 2692 363 2734 autem
407 2697 620 2738 centum
664 2687 849 2742 verstas
897 2704 925 2741 a
975 2686 1214 2743 Woronez
1278 2691 1420 2749 mihi
1486 2697 1640 2751 visus,
1729 2695 1852 2750 Au-

185 2776 380 2821 tumno
419 2768 563 2824 redit.

935 2877 987 2934 O
1010 2895 1045 2935 o
1067 2895 1102 2934 o
1149 2895 1182 2946 3
1620 2842 1848 2942 XVIII}
