2402 3329
557 191 674 244 542
931 168 1844 263 OBSERVATIONES

551 321 845 379 contribuit
890 321 950 376 ad
997 324 1134 378 vires
1174 324 1446 392 augendas.
1562 326 1712 382 Idem
1767 323 1944 377 oritur
1988 337 2016 376 a
2060 319 2234 391 super-

551 409 672 463 ficie
719 408 832 462 offis
879 407 1090 463 humeri
1141 410 1342 464 interna
1386 410 1531 465 fibris
1589 411 1789 465 carneis
1843 424 1897 464 et
1965 408 2028 462 ad
2098 405 2238 460 latus

552 494 786 549 interius
833 495 1109 549 descendit.
1158 493 1418 548 Inseritur
1465 497 1675 551 tendine
1715 495 1946 550 tenuiori
1996 493 2052 547 in
2093 491 2237 546 latus

555 580 777 635 interius
822 580 1079 651 proceffus
1124 579 1364 638 anconei..

750 727 1010 799 Reliquos
1043 731 1133 787 vel
1160 729 1402 797 humeri,
1447 728 1533 785 vel
1555 726 1788 800 scapulae
1816 724 2109 793 mulcu103‚
2152 723 2241 780 vel

558 828 746 869 manus
791 828 1105 878 extremae,
1151 831 1246 868 cur
1293 818 1346 867 in
1397 814 1549 869 leone
1596 817 1762 882 magis
1809 813 2144 882 inquirerem
2186 822 2240 864 et

555 896 893 950 describerem
940 913 1104 966 quam
1162 900 1217 948 in
1281 900 1470 963 quouis
1528 894 1758 950 animale
1823 896 1973 963 alio,
2031 893 2240 949 nullam

555 979 766 1034 causam
813 978 988 1033 video.
1090 976 1177 1033 De
1248 980 1430 1031 neruis
1495 981 1756 1049 quaedam
1821 995 2010 1034 notatu
2081 981 2243 1049 digna

552 1075 868 1117 occurrunt.
958 1064 1097 1118 Haec
1141 1063 1292 1118 addo.

858 1226 973 1295 De
1025 1224 1315 1294 Neruis
1368 1223 1929 1295 brachialibus.

758 1340 971 1396 Neruos
1017 1344 1069 1397 in
1116 1342 1270 1397 leone
1318 1340 1472 1396 aliter
1516 1344 1737 1417 reperi,
1801 1357 1961 1414 atque
2021 1351 2247 1413 putaue-

560 1441 696 1480 ram.
807 1428 942 1501 Quis
988 1429 1137 1481 enim
1185 1445 1292 1482 non
1336 1431 1568 1483 crederet
1627 1441 1798 1483 tantae
1870 1428 2055 1482 masiae
2127 1440 2249 1478 mu-

557 1509 745 1565 sculari
817 1515 1283 1586 proportionatam
1351 1530 1557 1584 quoque
1624 1516 1802 1568 datam
1870 1511 1969 1566 effe
2035 1512 2250 1582 copiam

561 1594 909 1650 neruorum?
973 1611 1026 1652 et
1092 1600 1246 1664 sane,
1313 1599 1403 1668 qui
1474 1599 1748 1668 statuunt,
1818 1612 2011 1652 neruos
2082 1596 2252 1649 fluido

562 1681 818 1732 musculis
867 1680 1177 1733 aduehendo
1226 1682 1523 1744 instruite,
1586 1698 1693 1749 quo
1762 1695 1945 1735 motus
2011 1682 2066 1731 in
2139 1679 2250 1732 illis

559 1763 983 1832 producerentur
1010 1807 1024 1832 ,
1073 1761 1210 1816 haud
1258 1762 1409 1816 facile
1453 1762 1862 1831 phaenomenon
1908 1763 2011 1816 hoc
2058 1762 2112 1815 in
2157 1778 2251 1816 ex-

561 1846 857 1917 spectatum
906 1840 1277 1920 interpraetari
1322 1860 1597 1919 poterunt.

281 1998 457 2051 Trunci
768 1993 951 2047 Nerui
995 1993 1147 2046 enim
1195 1991 1336 2047 leoni
1406 1988 1560 2044 valde
1627 1994 1812 2060 exigui
1880 1999 2039 2059 sunt,
2109 1995 2250 2065 quod

279 2078 479 2134 quatuor.
566 2078 711 2134 idem
757 2094 967 2150 quoque
1011 2080 1072 2132 de
1116 2079 1322 2132 arteriis
1363 2090 1416 2131 et
1460 2079 1524 2130 de
1569 2091 1718 2128 venis
1765 2078 1928 2137 valet.
2006 2078 2253 2151 Quatuor

569 2164 746 2219 trunci
793 2165 846 2218 in
907 2179 1030 2217 meo
1085 2163 1341 2235 exemplo
1407 2163 1470 2216 ad
1541 2160 1904 2230 producendos
1970 2163 2255 2219 brachiales

568 2265 759 2303 neruos
805 2265 872 2303 ex
919 2249 1152 2302 medulla
1195 2247 1449 2303 ceruicali
1495 2261 1842 2316 concurrunt,
1887 2266 2119 2321 quorum
2146 2251 2255 2305 duo

566 2332 859 2406 superiores
916 2334 1130 2405 quidem
1190 2350 1259 2388 ex
1325 2331 1611 2386 interstitio
1684 2334 1822 2387 inter
1889 2335 2252 2406 penultimam

569 2431 624 2474 et
668 2419 1151 2490 antepenultimam
1200 2417 1501 2474 vertebram
1568 2414 1697 2470 colli
1764 2420 1900 2474 alter
1973 2422 2253 2489 anterior,

283 2519 451 2563 Eorum
570 2505 708 2560 alter
777 2504 1028 2575 posterior
1093 2505 1375 2574 prodeunt.
1460 2500 1608 2568 llle,
1676 2505 1769 2573 qui
1837 2507 2072 2560 anterior
2137 2505 2252 2576 est,

282 2584 451 2647 primus
574 2591 678 2661 ipse
724 2588 864 2642 haud
913 2589 1154 2653 validuS,
1199 2601 1254 2641 et
1297 2585 1486 2641 radiali
1536 2586 1775 2644 humano
1839 2590 1929 2644 vel
2002 2591 2252 2646 mediano

280 2649 357 2710 ’.Ψ
396 2664 440 2712 3·
472 2661 512 2694 ‘²‘
572 2676 671 2728 vix
713 2674 892 2742 latior,
939 2674 1049 2745 post
1096 2675 1250 2727 breue
1296 2673 1527 2742 spatium
1573 2672 1627 2725 in
1672 2686 1775 2727 tres
1822 2691 1997 2732 ramos
2042 2677 2248 2732 tenuio-

567 2775 650 2815 res
692 2758 989 2829 diuiditur,
1039 2772 1274 2831 quorum
1341 2756 1582 2830 superior
1650 2761 1911 2816 minimus
1984 2763 2248 2820 continuo

2099 2842 2242 2903 carni
