2402 3329
343 265 451 321 ΑΙ)
475 260 548 316 Si
569 257 676 314 CC
709 259 878 316 RER.
900 255 1280 315 CONTING.
1310 257 1765 318 APPLtCATA.
1821 277 1892 327 23

225 425 309 468 rus
353 409 605 460 omnium
651 409 1082 463 obseruationum
1111 426 1415 463 annuarum
1451 410 1608 462 fuerit
1637 425 1734 475 70,
1775 427 1895 480 pro-

221 493 380 550 babile
424 493 525 546 tuit
571 506 631 545 ¹vt
658 493 817 547 semel
840 497 1173 562 contingeret
1201 497 1249 548 id
1277 496 1450 566 ipsum
1482 498 1620 565 quod
1647 495 1896 563 contigit,

223 592 417 648 nempe
467 591 526 630 vt
571 579 636 630 dc
690 589 762 640 57
809 582 941 631 nats
991 581 1164 649 proles
1212 579 1441 633 mascula
1490 580 1621 631 infra
1673 600 1738 632 21
1800 584 1896 633 de·

222 663 586 731 priuieretur:
632 674 902 715 caeterum
950 665 1316 719 reductionem
1386 664 1767 732 probabilitatis
1830 668 1895 727 ³35

221 745 281 799 ad
327 750 372 810 5¹5
415 746 590 798 obiter
635 745 775 809 fec13
820 745 984 798 fateor
1038 750 1203 797 etiam
1249 747 1490 799 calculos
1544 749 1850 799 numericos
1880 756 1900 810 ,·

222 832 289 884 ob
327 831 650 900 paruitatem
697 830 912 881 numeri
962 828 1018 882 N
1067 845 1121 882 et
1154 830 1580 896 magnitudinem
1611 829 1892 882 relatiuam

223 915 435 967 numeri
484 931 527 985 μ
557 953 571 979 ,
618 925 727 962 non
772 914 926 966 omni
975 913 1189 983 quidem
1239 915 1466 981 gaudere
1533 916 1897 977 accuratioue;

223 1012 459 1051 attamen
527 996 780 1067 paruulos
847 999 943 1057 esse
1010 1014 1256 1066 erroreS,
1323 1000 1415 1071 qui
1482 995 1628 1051 facile
1697 996 1898 1068 negligi

223 1081 417 1156 poiliut
445 1121 461 1151 ,
501 1081 779 1135 contendo·

422 1251 463 1314 §-
523 1264 611 1312 19.
661 1243 1032 1311 Intelligimus
1074 1263 1213 1299 nuuc
1257 1264 1422 1316 porro
1449 1287 1464 1314 ‚
1507 1251 1647 1318 quod
1704 1266 1898 1304 nume-

227 1332 393 1387 rando
437 1343 687 1384 numeros
731 1345 777 1398 μ
824 1328 885 1379 ab
954 1345 1226 1395 numero,
1297 1330 1352 1382 iu
1418 1347 1578 1399 quem
1652 1334 1897 1386 maxima

227 1415 563 1489 probabilitas
607 1411 789 1476 cadit,
832 1413 1015 1466 eadem
1064 1412 1130 1466 sit
1187 1414 1517 1482 probabilitas
1561 1432 1661 1487 pro
1704 1419 1897 1470 eodem

225 1515 453 1552 numero
496 1515 573 1568 μ,
611 1511 956 1565 quaecunque
1002 1498 1290 1552 intercedat
1336 1501 1476 1554 ratio
1522 1502 1658 1552 inter
1701 1516 1810 1553 aet
1837 1501 1904 1567 h,

224 1584 386 1636 modo
429 1582 556 1635 haec
601 1582 739 1633 ratio
782 1597 976 1651 parum
1019 1583 1082 1636 ab
1125 1584 1441 1652 aequalitate
1496 1585 1699 1641 recedat
1727 1627 1744 1652 ‚
1814 1586 1900 1637 in-

228 1665 548 1734 telligimus,
595 1665 821 1736 inquam
853 1705 871 1733 ,
913 1666 1055 1737 quod
1099 1679 1152 1719 et
1198 1671 1410 1721 summa
1459 1669 1899 1739 probabilitatum

224 1766 324 1819 pro
369 1753 554 1805 eodem
604 1751 966 1803 terminorum
1013 1767 1243 1806 numero
1267 1769 1315 1825 μ
1350 1752 1530 1808 debeat
1573 1755 1672 1807 effe
1714 1749 1899 1809 eadem

224 1834 278 1887 iu
327 1836 512 1904 primo
553 1848 732 1888 autem
783 1834 1197 1904 schediasmate,
1262 1837 1502 1894 tabulam.
1559 1839 1678 1895 dedi
1746 1841 1903 1896 cuius

225 1934 325 1987 ope
368 1919 720 1973 determinaui
791 1919 994 1976 limites
1067 1924 1202 1976 intra
1272 1938 1401 1994 quos
1429 1965 1445 1990 ,
1514 1936 1576 1978 vt
1641 1938 1902 1978 numerus

230 2007 526 2071 puerorum
573 2003 829 2072 subsistat,
874 2023 1031 2077 aequa
1077 2007 1140 2061 sit
1182 2008 1433 2075 certati03
1479 2009 1585 2062 iam
1629 2010 1748 2062 dico
1792 2025 1904 2061 eos-

229 2086 317 2136 des
363 2087 563 2142 litmtes
626 2089 817 2140 assumi
887 2093 1023 2161 poffe
1103 2107 1202 2163 pro
1265 2094 1472 2147 ratione
1546 2093 1901 2163 qualicunque

233 2183 425 2235 parum
473 2169 736 2236 inaequali
782 2171 920 2225 inter
960 2191 991 2225 α
1031 2186 1085 2226 et
1131 2174 1162 2226 b
1211 2181 1373 2227 modo
1418 2175 1509 2227 fiat
1558 2190 1616 2228 Vt
1663 2178 1901 2228 maxima

236 2251 564 2316 probabilitas
612 2251 808 2303 incidat
854 2254 906 2304 in
957 2255 1197 2306 medium
1243 2260 1441 2312 horum
1486 2258 1746 2314 limitum.
1804 2259 1904 2311 Vi·-

227 2334 406 2390 dimus
445 2346 622 2386 autem
654 2334 706 2382 in
736 2331 841 2384 fiue
885 2337 1203 2404 paragraphi
1250 2339 1551 2393 duodecimi
1600 2357 1699 2408 pro
1730 2340 1903 2409 hypo-

230 2414 358 2467 thesi
403 2433 435 2467 α
462 2435 528 2469 z
570 2413 601 2466 h
646 2427 804 2484 atque
851 2437 880 2470 2
916 2417 971 2470 N
999 2445 1068 2480 Ξ
1097 2431 1292 2473 20000
1321 2461 1337 2485 ,
1382 2425 1519 2489 quod
1571 2424 1630 2476 hi
1699 2422 1904 2483 limites

231 2497 333 2553 sint
378 2505 566 2567 9952-3
613 2514 665 2550 et
719 2507 941 2568 100474
969 2543 983 2567 ,
1029 2504 1121 2573 qui
1168 2519 1313 2572 aequ
1307 2506 1509 2559 distant
1576 2523 1606 2559 a
1676 2525 1903 2563 numero

240 2597 476 2647 10000
532 2596 753 2654 vterque
795 2586 1062 2639 nimirum
1117 2601 1348 2641 numero
1392 2595 1537 2655 474
1523 2628 1538 2655 .,
1583 2592 1689 2642 iam
1739 2594 1902 2698 igitur

228 2667 351 2720 dico
394 2671 532 2735 quod
582 2684 784 2721 mutata
829 2673 1034 2724 ratione
1079 2688 1111 2724 a
1155 2668 1272 2722 adh
1314 2687 1475 2741 eaque
1523 2673 1751 2741 pofita-
1804 2677 1866 2700 55

1711 2681 1908 2743 ,150‚

230 2765 476 2803 minente
522 2752 707 2805 eodem
755 2768 1006 2808 natorum
1067 2768 1299 2809 numero
1330 2795 1344 2818 ,
1410 2755 1600 2810 similis
1661 2759 1902 2814 conditio

224 2833 426 2889 incidet
482 2833 538 2888 in
602 2835 804 2891 limites
876 2843 1068 2911 9952}
1102 2850 1186 2901 -ιμυ
1220 2844 1337 2896 268
1365 2852 1417 2894 et
1449 2847 1672 2911 100473,
1698 2852 1748 2906 ψ
1783 2849 1898 2898 268

953 2955 957 2959 ·
1794 2927 1901 2982 fiue
