2402 3329
474 226 558 281 26‘
1055 223 1210 293 ”⁵303
1253 225 1276 293 (
1321 239 1359 280 0
1409 219 1429 301 )
1469 223 1622 327 &⁰5⁹⁰

472 374 667 433 rientia
711 371 943 430 omnino
990 373 1203 443 egregie
1245 375 1519 432 consentit.
1647 370 1926 430 Tractatio
1979 381 2162 449 autem

472 476 657 515 motus
720 458 933 514 linearis
994 458 1360 529 multiplicem
1403 459 1625 514 includit
1665 459 1980 514 varietatem
2007 501 2023 529 ,
2066 447 2165 513 lia-

469 547 585 602 bito
631 543 1038 613 tum-respectu
1084 545 1149 596 ad
1200 544 1366 613 ipsam
1410 543 1643 612 figuram
1687 544 1939 597 tuborum
1972 583 1987 612 ‚
2030 557 2164 596 cum

469 634 534 685 ad
581 632 770 684 statum
825 627 978 679 fluidi
1050 643 1145 698 per
1218 629 1354 699 ipsos
1426 625 1710 695 translati,
1776 641 1948 697 quum
2016 628 2166 681 enim

471 714 570 785 ipsi
620 714 732 776 tubi
778 711 968 782 poffint
1015 700 1123 764 effe¹
1160 711 1250 764 vel
1297 710 1429 764 reffi
1476 711 1568 765 vel,
1637 712 1839 779 curui,
1905 711 1965 766 hi
2032 725 2167 768 vero

471 801 693 854 demum
767 797 1077 868 plurimum
1149 794 1292 852 inter
1361 798 1411 849 se
1465 796 1696 851 'differre
1737 797 1924 868 prouti
1968 807 2166 851 eorum

469 882 775 938 directrices
819 881 907 937 vel
955 882 1009 935 in
1051 882 1194 935 idem
1243 882 1469 953 planum
1517 883 1760 936 incidunt
1824 880 1913 936 vel
1983 883 2168 950 secuS,

471 981 656 1022 motus
720 967 986 1039 principia
1054 981 1156 1036 pro
1221 967 1423 1022 diuersa
1494 963 1595 1020 hac
1677 967 1884 1036 figurae
1962 967 2168 1021 ratione

467 1051 688 1106 seorsim
731 1050 1029 1106 definienda
1087 1051 1222 1104 sunt.
1331 1049 1543 1104 Deinde
1587 1051 1939 1105 consideratio
1985 1061 2167 1105 motus

471 1135 693 1187 linearis
736 1132 972 1202 aliquam
1023 1129 1161 1184 subit
1205 1131 1568 1186 variationem
1599 1171 1614 1197 ‚
1681 1136 1863 1203 prouti
1929 1132 2168 1188 fluidum

465 1217 557 1273 'vel
604 1218 864 1272 continuo
908 1226 1066 1270 motu
1112 1215 1237 1267 ferri
1284 1215 1606 1285 supponitur
1653 1217 1744 1271 vel
1789 1217 1953 1271 etiam
2026 1221 2166 1272 fora-

466 1302 616 1357 mine
660 1300 799 1356 fasto
841 1297 1032 1356 alicubi
1076 1297 1298 1352 effluere
1338 1299 1659 1368 concipitur.
1793 1300 1871 1355 Et
1937 1301 2172 1374 denique

465 1386 734 1459 principia
779 1396 962 1438 motus
1011 1382 1219 1436 diuersa
1265 1384 1606 1437 iuuenientur
1651 1385 1833 1454 prouti
1884 1386 1997 1439 tubi
2072 1385 2165 1440 vel

464 1473 522 1527 in
569 1472 760 1542 quiete·
818 1467 905 1523 vel
971 1467 1196 1522 mobiles
1263 1467 1667 1540 concipiuntur.
1801 1469 1920 1522 Hoc
1988 1470 2161 1538 igitur

463 1556 640 1628 capite
683 1551 947 1625 generalia
992 1553 1256 1624 principia
1313 1567 1495 1608 motus
1560 1553 1777 1608 linearis
1844 1570 1942 1624 per
2012 1557 2170 1610 tubos

466 1640 573 1694 siue
614 1641 789 1694 rectos
837 1638 946 1692 siue
989 1654 1186 1694 curuos
1230 1640 1590 1709 cuiuscunque
1638 1638 1842 1704 generis
1886 1638 2168 1711 stabiliun-

468 1740 575 1780 tur.
703 1722 864 1779 Dum
923 1739 1056 1778 vero
1098 1727 1160 1777 ad
1206 1725 1485 1794 specialem
1536 1722 1705 1791 magis
1749 1721 2169 1794 explicationem

468 1808 652 1864 motu's
694 1807 1303 1879 linearisprogreditur
1348 1809 1551 1865 Illustr.
1619 1807 1874 1877 Auecor,
1943 1809 2003 1862 in
2071 1824 2169 1877 ge-

469 1912 592 1950 nere
634 1895 871 1948 obseruat
915 1895 1026 1947 suae
1075 1893 1408 1947 traetationis
1451 1891 1781 1947 diuisionem
1828 1907 1896 1946 ex
1959 1891 2169 1963 triplici

469 1979 746 2052 imprimis
813 1981 960 2032 fonte
1024 1978 1258 2032 deriuari
1327 1979 1592 2051 potuisse,
1658 1975 1752 2031 vel
1820 1975 2020 2031 scilicet
2097 1991 2170 2032 ex

470 2065 575 2136 ipsa
619 2064 924 2118 d⁵uerfitate
966 2060 1257 2118 fluidorum
1287 2101 1303 2128 ‚
1371 2076 1636 2134 quatenus
1681 2076 1876 2115 eorum
1949 2059 2172 2116 densitas

465 2150 706 2204 constans·
746 2161 840 2200 aut
887 2147 1154 2201 variabilis
1196 2148 1267 2203 est
1294 2187 1308 2213 ,
1376 2148 1463 2202 vel
1507 2158 1766 2217 quatenus
1811 2145 1974 2200 fluida
2031 2162 2174 2200 con-

467 2233 760 2287 siderantur
807 2244 898 2285 aut
942 2230 1181 2300 elastica,
1246 2244 1340 2284 aut
1386 2248 1492 2286 non
1545 2230 1750 2286 elastica
1782 2269 1798 2297 ,
1869 2227 1958 2283 vel
2018 2228 2171 2286 deni-

472 2332 575 2387 que
620 2329 878 2386 quatenus
926 2317 1037 2368 tubi
1087 2314 1486 2368 considerantur
1557 2325 1650 2364 aut
1716 2327 1878 2380 aeque
1945 2311 2168 2381 ampli,

473 2414 564 2455 aut
630 2400 862 2457 diuersae
929 2397 1304 2467 amplitudinis
1348 2435 1363 2462 ,
1430 2409 1483 2450 et
1548 2409 1718 2466 quum
1788 2393 2168 2466 amplitudinis

474 2486 707 2540 variatio
752 2483 865 2536 heic
912 2483 1144 2537 omnino
1212 2483 1441 2537 maximi
1511 2481 1575 2535 fit
1644 2480 1964 2548 momenti,
2031 2478 2165 2536 hinc

473 2569 752 2642 imprimis
805 2566 1128 2624 diuisionem
1194 2567 1372 2640 operis
1439 2565 1781 2621 deriuandam
1851 2563 1950 2618 effe
2018 2578 2173 2620 ratus·

472 2656 544 2709 est
613 2654 811 2709 Illustr.
882 2652 1130 2720 Austor,
1197 2651 1339 2707 vnde
1380 2649 1570 2722 Capite
1611 2666 1825 2722 quoque
1867 2640 1989 2703 11⁶²0.
2047 2666 2171 2706 mo·

475 2752 594 2793 tum
645 2739 827 2808 primo
872 2752 1033 2809 aquae
1080 2753 1174 2807 per
1215 2735 1369 2791 tubos
1432 2734 1726 2807 aequaliter
1792 2734 2023 2805 amplos'
2065 2749 2168 2789 ex-

475 2824 718 2903 plicauit.
847 2821 1136 2897 Sequentes
1206 2838 1341 2880 veto
1406 2822 1545 2880 casus
1591 2833 1772 2878 motus
1814 2818 2028 2876 linearis
2074 2817 2166 2873 hic

1955 2919 2164 2980 impri-
