2402 3329
322 253 528 312 CORP.
555 244 725 306 SIVE
752 243 1127 302 FLEXIBIL.
1159 239 1296 296 SEV
1325 239 1667 297 ELASTXC,
1715 249 1830 306 383

161 402 442 458 necessario
484 397 722 467 sequitur
766 400 824 452 in
872 395 973 451 hoc
1020 393 1219 465 punito
1267 391 1363 457 M,
1408 388 1664 461 quamdiu
1724 401 1841 438 am-

161 489 251 542 bae
296 500 466 558 partes
509 481 675 537 adhuc
721 485 858 537 inter
902 485 946 535 se
990 483 1110 535 sunt
1148 476 1496 541 commorare,
1541 475 1650 527 dari
1677 486 1841 542 quanou

162 576 282 626 dam
334 571 446 623 vim
480 609 494 635 ‚
540 584 669 638 quae
721 567 802 619 illi
849 564 1161 637 separationi
1205 564 1534 623 amoenetur,
1581 557 1840 627 filumque

161 655 217 708 in
263 654 364 707 hoc
410 654 520 725 ipso
570 654 700 707 statu
746 651 1049 724 aequilibrii
1093 664 1255 721 quem
1300 645 1654 717 supponimus
1710 657 1843 695 con·

158 740 344 794 seruet.

361 906 435 964 Π.
480 907 609 981 Quo
654 907 801 961 istam
843 906 963 962 vim
1017 902 1220 976 puncto
1267 898 1327 954 Μ
1376 898 1524 972 quasi
1569 896 1847 953 inhaerem

165 1001 277 1045 tem
321 994 666 1062 exploremus
715 989 979 1057 fingamus
1037 987 1346 1040 inferiorem
1410 997 1620 1055 partem
1692 976 1847 1037 AM

165 1092 347 1129 reuera
389 1077 611 1128 abscindi
656 1086 708 1126 et
751 1086 1067 1143 quaeramus
1108 1083 1190 1124 eas
1234 1070 1373 1120 vires
1401 1108 1414 1134 ,
1457 1082 1586 1137 quas
1630 1067 1681 1118 in
1716 1079 1847 1136 pun-

169 1161 256 1214 ἂο
302 1160 359 1213 Μ
408 1159 666 1230 applicari
711 1169 926 1229 oportet
954 1198 966 1222 ‚
1034 1168 1094 1206 vt
1141 1168 1255 1223 pars
1300 1153 1538 1222 superior
1587 1150 1719 1206 ΒΜ
1794 1147 1851 1199 in

169 1245 359 1296 eodem
409 1247 557 1313 plane
605 1243 735 1295 statu
783 1244 1118 1312 perseueret3
1187 1235 1319 1289 haec
1374 1239 1519 1290 enim
1590 1238 1694 1306 ipsa
1764 1231 1851 1287 vis

170 1341 290 1380 ante
332 1327 640 1382 recisionem
688 1327 742 1378 in
786 1324 989 1395 punsto
1035 1321 1106 1374 M
1149 1321 1377 1374 extitisse
1418 1322 1486 1375 est
1533 1316 1851 1387 intelligen-

169 1411 231 1464 da
259 1453 273 1478 ,
313 1424 470 1480 atque
521 1411 557 1463 fi
604 1409 737 1461 hanc
781 1410 899 1461 vim
947 1423 1048 1476 pro
1094 1404 1316 1474 singulis
1360 1404 1440 1459 fili
1490 1406 1697 1476 punctis}
1757 1402 1853 1457 de·

169 1497 690 1559 terminauerimu5‚
755 1491 968 1545 nullum
1039 1491 1109 1546 est
1171 1490 1397 1544 dubium
1462 1490 1592 1551 quin
1649 1501 1853 1542 verum

167 1578 357 1631 statum
405 1581 458 1632 in
504 1595 615 1649 quo
661 1575 869 1645 fingula
912 1575 1179 1631 elementa
1226 1574 1391 1630 nostri
1435 1574 1516 1630 fili
1555 1575 1858 1643 versantur,

166 1662 390 1733 perfefte
434 1664 832 1734 cognoscamus,

359 1831 459 1889 ΙΙΙ.
507 1833 771 1890 Ponamus
818 1829 953 1886 hanc
997 1829 1166 1902 ipsam
1223 1827 1344 1883 vim
1408 1844 1567 1902 quam
1640 1825 1856 1899 quaeri-

166 1931 292 1971 mus
321 1959 336 1986 ,
405 1918 513 1973 iam
578 1918 680 1973 esse
731 1921 1016 1972 inuentam
1060 1926 1116 1968 et
1159 1916 1365 1986 puncto
1414 1915 1486 1970 M
1533 1929 1713 1971 reuera
1757 1927 1855 1984 ap·-

168 2001 431 2070 plicatam
458 2044 473 2071 ‚
540 2003 614 2055 ita
654 2015 718 2055 vt
762 2001 954 2054 resecta
998 1999 1248 2068 portione
1294 2003 1348 2050 A
1379 2000 1468 2066 Μ,
1515 2000 1678 2052 altera
1723 2014 1853 2066 por·

171 2085 252 2136 tio
316 2084 363 2138 B
391 2084 451 2137 M
520 2086 825 2137 etiamnunc
870 2083 925 2130 in
971 2079 1192 2147 pristino
1240 2080 1370 2132 statu
1416 2081 1857 2148 perfistat,atque

174 2165 421 2235 primum
468 2167 689 2218 obseruo
730 2161 952 2215 eandem
997 2161 1130 2214 hanc
1178 2162 1297 2213 vim
1362 2163 1424 2215 ad
1488 2161 1652 2215 filum
1718 2160 1764 2215 B
1793 2164 1857 2217 M

173 2249 232 2303 in
279 2249 450 2324 statuo
491 2249 582 2302 suo
623 2247 962 2301 retinendum
1010 2245 1214 2315 requiri
1253 2243 1460 2301 etiamsi
1537 2249 1593 2300 in
1657 2247 1858 2317 punsto

173 2348 489 2404 quocunque
533 2330 611 2398 C,
658 2330 816 2385 filum
860 2347 961 2403 ope
1005 2329 1142 2384 claui
1209 2329 1298 2384 vel
1363 2330 1488 2385 vnci
1561 2330 1859 2403 figeretur,

177 2416 449 2486 siquidem·
489 2414 614 2472 haec
656 2419 900 2488 operatio
946 2415 1087 2468 nihil
1135 2416 1189 2469 in
1231 2416 1348 2468 eius
1392 2414 1565 2484 figura
1635 2429 1857 2488 mutet,

175 2497 383 2570 hocque
424 2501 586 2556 etiam
631 2500 1041 2570 intelligendum
1086 2502 1158 2555 est
1187 2542 1201 2567 ,
1270 2500 1308 2554 fi
1354 2498 1512 2554 filum
1569 2499 1733 2554 fimul
1800 2505 1859 2558 in

177 2585 413 2656 pluribus
458 2586 662 2655 putastis
706 2585 807 2639 hoc
857 2587 1020 2641 modo
1068 2583 1368 2655 figeretu13
1413 2601 1579 2657 quare
1625 2584 1730 2639 hoc
1773 2599 1859 2640 et-

178 2669 287 2733 iam
333 2686 466 2723 nunc
508 2671 691 2726 locum
736 2670 980 2737 habebit,
1049 2671 1087 2725 fi
1134 2670 1293 2725 filum
1339 2672 1473 2725 adeo
1518 2671 1574 2724 in
1652 2672 1859 2741 punem

179 2758 439 2827 proximo
484 2773 528 2810 m
571 2756 768 2825 figatur
797 2798 813 2822 ‚
877 2756 1050 2811 nihilo
1091 2758 1240 2810 enim
1289 2757 1472 2809 minus
1532 2756 1587 2807 in
1656 2755 1858 2823 punc'to

181 2838 255 2894 M
298 2843 479 2898 eadem
524 2840 692 2897 adhuc
737 2843 793 2900 vi
828 2852 987 2917 ‘opus
1048 2843 1197 2912 erit,
1266 2842 1330 2899 ad
1393 2840 1858 2899 conseruationem

1703 2925 1865 2985 status
