<?xml version="1.0" encoding="UTF-8"?>
<!DOCTYPE html PUBLIC "-//W3C//DTD XHTML 1.0 Transitional//EN"
    "http://www.w3.org/TR/xhtml1/DTD/xhtml1-transitional.dtd">
<html xmlns="http://www.w3.org/1999/xhtml" xml:lang="en" lang="en">
 <head>
  <title>
</title>
<meta http-equiv="Content-Type" content="text/html;charset=utf-8" />
  <meta name='ocr-system' content='tesseract 3.04.00' />
  <meta name='ocr-capabilities' content='ocr_page ocr_carea ocr_par ocr_line ocrx_word'/>
</head>
<body>
  <div class='ocr_page' id='page_1' title='image "./novicommentariac15impe/novicommentariac15impe_0659.png"; bbox 0 0 2402 3329; ppageno 0'>
   <div class='ocr_carea' id='block_1_1' title="bbox 380 188 1864 268">
    <p class='ocr_par' dir='ltr' id='par_1_1' title="bbox 380 188 1864 268">
     <span class='ocr_line' id='line_1_1' title="bbox 380 188 1864 268; baseline 0 -15"><span class='ocrx_word' id='word_1_1' title='bbox 380 190 582 253; x_wconf 87' lang='lat' dir='ltr'>SOLIS</span> <span class='ocrx_word' id='word_1_2' title='bbox 628 188 703 247; x_wconf 81' lang='lat' dir='ltr'>A.</span> <span class='ocrx_word' id='word_1_3' title='bbox 765 196 938 258; x_wconf 85' lang='lat'>1769.</span> <span class='ocrx_word' id='word_1_4' title='bbox 983 189 1654 251; x_wconf 87' lang='lat' dir='ltr'><strong>DETERMINATAE.</strong></span> <span class='ocrx_word' id='word_1_5' title='bbox 1749 209 1864 268; x_wconf 80' lang='lat'>593</span> 
     </span>
    </p>
   </div>
   <div class='ocr_carea' id='block_1_2' title="bbox 184 340 1878 2074">
    <p class='ocr_par' dir='ltr' id='par_1_2' title="bbox 184 340 1878 2074">
     <span class='ocr_line' id='line_1_2' title="bbox 399 340 1867 412; baseline 0.003 -18"><span class='ocrx_word' id='word_1_6' title='bbox 399 356 450 406; x_wconf 80' lang='grc'>5.</span> <span class='ocrx_word' id='word_1_7' title='bbox 498 340 648 393; x_wconf 82' lang='lat' dir='ltr'>Hisce</span> <span class='ocrx_word' id='word_1_8' title='bbox 695 340 864 409; x_wconf 82' lang='lat' dir='ltr'>igitur</span> <span class='ocrx_word' id='word_1_9' title='bbox 895 340 1268 412; x_wconf 77' lang='lat' dir='ltr'>praemonitiS,</span> <span class='ocrx_word' id='word_1_10' title='bbox 1312 345 1658 412; x_wconf 82' lang='lat' dir='ltr'>repraesentet</span> <span class='ocrx_word' id='word_1_11' title='bbox 1689 345 1867 399; x_wconf 79' lang='lat' dir='ltr'>PzM</span> 
     </span>
     <span class='ocr_line' id='line_1_3' title="bbox 200 425 1871 497; baseline 0.001 -16"><span class='ocrx_word' id='word_1_12' title='bbox 200 427 556 483; x_wconf 81' lang='lat' dir='ltr'>meridianum</span> <span class='ocrx_word' id='word_1_13' title='bbox 603 425 817 478; x_wconf 78' lang='lat' dir='ltr'>alicuius</span> <span class='ocrx_word' id='word_1_14' title='bbox 860 427 1013 493; x_wconf 83' lang='lat' dir='ltr'>loci,</span> <span class='ocrx_word' id='word_1_15' title='bbox 1071 428 1125 479; x_wconf 88' lang='lat' dir='ltr'>iu</span> <span class='ocrx_word' id='word_1_16' title='bbox 1171 441 1279 496; x_wconf 88' lang='lat' dir='ltr'>quo</span> <span class='ocrx_word' id='word_1_17' title='bbox 1326 425 1552 497; x_wconf 80' lang='lat' dir='ltr'>Eclipfis</span> <span class='ocrx_word' id='word_1_18' title='bbox 1595 429 1734 482; x_wconf 81' lang='lat' dir='ltr'>Solis</span> <span class='ocrx_word' id='word_1_19' title='bbox 1775 430 1871 482; x_wconf 83' lang='lat' dir='ltr'>ob-</span> 
     </span>
     <span class='ocr_line' id='line_1_4' title="bbox 194 507 1874 580; baseline 0.001 -16"><span class='ocrx_word' id='word_1_20' title='bbox 194 513 388 564; x_wconf 82' lang='lat' dir='ltr'>seruata</span> <span class='ocrx_word' id='word_1_21' title='bbox 434 513 533 563; x_wconf 86' lang='lat' dir='ltr'>fuit</span> <span class='ocrx_word' id='word_1_22' title='bbox 563 548 576 575; x_wconf 86' lang='lat'>‚</span> <span class='ocrx_word' id='word_1_23' title='bbox 635 507 795 580; x_wconf 79' lang='lat' dir='ltr'>sitque</span> <span class='ocrx_word' id='word_1_24' title='bbox 842 512 951 563; x_wconf 81' lang='lat' dir='ltr'>eius</span> <span class='ocrx_word' id='word_1_25' title='bbox 997 509 1196 563; x_wconf 84' lang='lat' dir='ltr'>Zenith</span> <span class='ocrx_word' id='word_1_26' title='bbox 1246 525 1440 562; x_wconf 82' lang='lat' dir='ltr'>verum</span> <span class='ocrx_word' id='word_1_27' title='bbox 1491 512 1544 562; x_wconf 89' lang='lat' dir='ltr'>in</span> <span class='ocrx_word' id='word_1_28' title='bbox 1589 527 1623 564; x_wconf 79' lang='lat' dir='ltr'><em>z</em></span> <span class='ocrx_word' id='word_1_29' title='bbox 1669 529 1721 564; x_wconf 83' lang='lat' dir='ltr'>et</span> <span class='ocrx_word' id='word_1_30' title='bbox 1772 514 1874 566; x_wconf 84' lang='lat' dir='ltr'>Po·</span> 
     </span>
     <span class='ocr_line' id='line_1_5' title="bbox 194 593 1876 664; baseline 0.001 -18"><span class='ocrx_word' id='word_1_31' title='bbox 194 593 618 662; x_wconf 79' lang='lat' dir='ltr'>lus.aequatoris</span> <span class='ocrx_word' id='word_1_32' title='bbox 665 595 718 647; x_wconf 88' lang='lat' dir='ltr'>in</span> <span class='ocrx_word' id='word_1_33' title='bbox 767 595 818 647; x_wconf 86' lang='lat' dir='ltr'>P.</span> <span class='ocrx_word' id='word_1_34' title='bbox 940 593 1043 647; x_wconf 89' lang='lat' dir='ltr'>Pro</span> <span class='ocrx_word' id='word_1_35' title='bbox 1090 595 1210 647; x_wconf 88' lang='lat' dir='ltr'>dato</span> <span class='ocrx_word' id='word_1_36' title='bbox 1259 605 1503 664; x_wconf 85' lang='lat' dir='ltr'>tempore</span> <span class='ocrx_word' id='word_1_37' title='bbox 1561 596 1876 649; x_wconf 82' lang='lat' dir='ltr'>obseruatio·</span> 
     </span>
     <span class='ocr_line' id='line_1_6' title="bbox 192 675 1878 744; baseline 0 -14"><span class='ocrx_word' id='word_1_38' title='bbox 192 679 274 730; x_wconf 83' lang='lat' dir='ltr'>nis</span> <span class='ocrx_word' id='word_1_39' title='bbox 303 718 318 744; x_wconf 90' lang='lat'>‚</span> <span class='ocrx_word' id='word_1_40' title='bbox 361 677 556 730; x_wconf 86' lang='lat' dir='ltr'>scilicet</span> <span class='ocrx_word' id='word_1_41' title='bbox 601 690 690 730; x_wconf 87' lang='lat' dir='ltr'>aut</span> <span class='ocrx_word' id='word_1_42' title='bbox 734 678 872 730; x_wconf 86' lang='lat' dir='ltr'>initii</span> <span class='ocrx_word' id='word_1_43' title='bbox 924 679 1013 732; x_wconf 83' lang='lat' dir='ltr'>vel</span> <span class='ocrx_word' id='word_1_44' title='bbox 1059 675 1180 730; x_wconf 87' lang='lat' dir='ltr'>finis</span> <span class='ocrx_word' id='word_1_45' title='bbox 1223 678 1523 744; x_wconf 73' lang='lat' dir='ltr'>obseruati,</span> <span class='ocrx_word' id='word_1_46' title='bbox 1591 691 1681 732; x_wconf 85' lang='lat' dir='ltr'>aut</span> <span class='ocrx_word' id='word_1_47' title='bbox 1740 678 1878 732; x_wconf 84' lang='lat' dir='ltr'>Pha-</span> 
     </span>
     <span class='ocr_line' id='line_1_7' title="bbox 189 748 1878 836; baseline -0.001 -20"><span class='ocrx_word' id='word_1_48' title='bbox 189 765 295 816; x_wconf 86' lang='lat' dir='ltr'>seos</span> <span class='ocrx_word' id='word_1_49' title='bbox 339 762 563 817; x_wconf 81' lang='lat' dir='ltr'>alicuius</span> <span class='ocrx_word' id='word_1_50' title='bbox 595 802 608 828; x_wconf 83' lang='lat'>‚</span> <span class='ocrx_word' id='word_1_51' title='bbox 650 762 714 816; x_wconf 80' lang='lat' dir='ltr'>sit</span> <span class='ocrx_word' id='word_1_52' title='bbox 741 748 817 814; x_wconf 80' lang='lat' dir='ltr'>&#39;M</span> <span class='ocrx_word' id='word_1_53' title='bbox 851 763 966 836; x_wconf 84' lang='grc' dir='ltr'>ΡΩ</span> <span class='ocrx_word' id='word_1_54' title='bbox 1001 761 1226 832; x_wconf 78' lang='lat' dir='ltr'>angulus</span> <span class='ocrx_word' id='word_1_55' title='bbox 1271 760 1520 815; x_wconf 81' lang='lat' dir='ltr'>horarius</span> <span class='ocrx_word' id='word_1_56' title='bbox 1554 803 1568 830; x_wconf 86' lang='lat'>‚</span> <span class='ocrx_word' id='word_1_57' title='bbox 1628 772 1878 816; x_wconf 82' lang='lat' dir='ltr'>occurrat</span> 
     </span>
     <span class='ocr_line' id='line_1_8' title="bbox 194 844 1875 923; baseline -0.001 -24"><span class='ocrx_word' id='word_1_58' title='bbox 194 857 374 923; x_wconf 84' lang='lat' dir='ltr'>autem</span> <span class='ocrx_word' id='word_1_59' title='bbox 421 846 657 901; x_wconf 81' lang='lat' dir='ltr'>circulus</span> <span class='ocrx_word' id='word_1_60' title='bbox 698 844 1062 903; x_wconf 72' lang='lat' dir='ltr'>declinationis</span> <span class='ocrx_word' id='word_1_61' title='bbox 1107 847 1224 919; x_wconf 91' lang='grc' dir='ltr'>ΡΩ</span> <span class='ocrx_word' id='word_1_62' title='bbox 1256 848 1525 916; x_wconf 84' lang='lat' dir='ltr'>aequatori</span> <span class='ocrx_word' id='word_1_63' title='bbox 1573 848 1788 921; x_wconf 65' lang='grc' dir='ltr'>’ΨΜΩ</span> <span class='ocrx_word' id='word_1_64' title='bbox 1820 846 1875 898; x_wconf 89' lang='lat' dir='ltr'>in</span> 
     </span>
     <span class='ocr_line' id='line_1_9' title="bbox 191 929 1874 1003; baseline 0.001 -23"><span class='ocrx_word' id='word_1_65' title='bbox 191 929 392 998; x_wconf 66' lang='lat' dir='ltr'>puncto</span> <span class='ocrx_word' id='word_1_66' title='bbox 437 933 526 1003; x_wconf 82' lang='lat' dir='ltr'>Q,</span> <span class='ocrx_word' id='word_1_67' title='bbox 571 946 720 999; x_wconf 80' lang='lat' dir='ltr'>atque</span> <span class='ocrx_word' id='word_1_68' title='bbox 765 942 985 998; x_wconf 74' lang='lat' dir='ltr'>propter</span> <span class='ocrx_word' id='word_1_69' title='bbox 1029 932 1173 981; x_wconf 82' lang='lat' dir='ltr'>datos</span> <span class='ocrx_word' id='word_1_70' title='bbox 1212 944 1365 980; x_wconf 84' lang='lat' dir='ltr'>arcus</span> <span class='ocrx_word' id='word_1_71' title='bbox 1414 930 1473 982; x_wconf 84' lang='lat' dir='ltr'>M</span> <span class='ocrx_word' id='word_1_72' title='bbox 1500 929 1565 1001; x_wconf 91' lang='grc' dir='ltr'><strong>Ω</strong></span> <span class='ocrx_word' id='word_1_73' title='bbox 1605 944 1660 982; x_wconf 90' lang='lat' dir='ltr'>et</span> <span class='ocrx_word' id='word_1_74' title='bbox 1709 938 1766 988; x_wconf 71' lang='lat' dir='ltr'>‘V’</span> <span class='ocrx_word' id='word_1_75' title='bbox 1794 930 1874 1000; x_wconf 77' lang='lat' dir='ltr'>Q,</span> 
     </span>
     <span class='ocr_line' id='line_1_10' title="bbox 194 1009 1873 1084; baseline -0.001 -18"><span class='ocrx_word' id='word_1_76' title='bbox 194 1014 431 1082; x_wconf 80' lang='lat' dir='ltr'>priorem</span> <span class='ocrx_word' id='word_1_77' title='bbox 481 1014 675 1068; x_wconf 85' lang='lat' dir='ltr'>scilicet</span> <span class='ocrx_word' id='word_1_78' title='bbox 724 1012 921 1079; x_wconf 84' lang='lat' dir='ltr'>angulo</span> <span class='ocrx_word' id='word_1_79' title='bbox 965 1009 1034 1062; x_wconf 91' lang='lat' dir='ltr'>M</span> <span class='ocrx_word' id='word_1_80' title='bbox 1065 1011 1187 1084; x_wconf 87' lang='grc' dir='ltr'>ΡΩ</span> <span class='ocrx_word' id='word_1_81' title='bbox 1234 1010 1504 1081; x_wconf 83' lang='lat' dir='ltr'>aequalem</span> <span class='ocrx_word' id='word_1_82' title='bbox 1533 1055 1547 1081; x_wconf 83' lang='lat'>‚</span> <span class='ocrx_word' id='word_1_83' title='bbox 1616 1014 1873 1083; x_wconf 86' lang='lat' dir='ltr'>posterio-</span> 
     </span>
     <span class='ocr_line' id='line_1_11' title="bbox 195 1087 1872 1164; baseline 0.001 -17"><span class='ocrx_word' id='word_1_84' title='bbox 195 1110 313 1150; x_wconf 84' lang='lat' dir='ltr'>rem</span> <span class='ocrx_word' id='word_1_85' title='bbox 358 1087 640 1151; x_wconf 73' lang='lat' dir='ltr'>ascensioni</span> <span class='ocrx_word' id='word_1_86' title='bbox 688 1095 855 1149; x_wconf 59' lang='lat' dir='ltr'>restae</span> <span class='ocrx_word' id='word_1_87' title='bbox 903 1095 1043 1149; x_wconf 80' lang='lat' dir='ltr'>Solis</span> <span class='ocrx_word' id='word_1_88' title='bbox 1087 1112 1185 1163; x_wconf 84' lang='lat' dir='ltr'>pro</span> <span class='ocrx_word' id='word_1_89' title='bbox 1230 1092 1333 1147; x_wconf 85' lang='lat' dir='ltr'>hoc</span> <span class='ocrx_word' id='word_1_90' title='bbox 1378 1107 1621 1163; x_wconf 85' lang='lat' dir='ltr'>tempore</span> <span class='ocrx_word' id='word_1_91' title='bbox 1649 1140 1664 1164; x_wconf 81' lang='lat'>‚</span> <span class='ocrx_word' id='word_1_92' title='bbox 1729 1097 1872 1150; x_wconf 78' lang='lat' dir='ltr'>dabi-</span> 
     </span>
     <span class='ocr_line' id='line_1_12' title="bbox 191 1172 1872 1252; baseline 0.001 -19"><span class='ocrx_word' id='word_1_93' title='bbox 191 1193 281 1233; x_wconf 88' lang='lat' dir='ltr'>tur</span> <span class='ocrx_word' id='word_1_94' title='bbox 306 1197 512 1252; x_wconf 81' lang='lat' dir='ltr'>quoque</span> <span class='ocrx_word' id='word_1_95' title='bbox 545 1178 864 1250; x_wconf 65' lang='lat' dir='ltr'>‘V&#39;Mzzss</span> <span class='ocrx_word' id='word_1_96' title='bbox 886 1172 1103 1249; x_wconf 67' lang='lat' dir='ltr'>‘V&#39;Qss</span> <span class='ocrx_word' id='word_1_97' title='bbox 1125 1177 1288 1248; x_wconf 89' lang='grc' dir='ltr'>ΜΩ,</span> <span class='ocrx_word' id='word_1_98' title='bbox 1325 1177 1409 1231; x_wconf 82' lang='lat' dir='ltr'>vbi</span> <span class='ocrx_word' id='word_1_99' title='bbox 1439 1177 1872 1234; x_wconf 83' lang='lat' dir='ltr'>iudiciumhaud</span> 
     </span>
     <span class='ocr_line' id='line_1_13' title="bbox 191 1260 1871 1332; baseline 0 -15"><span class='ocrx_word' id='word_1_100' title='bbox 191 1264 408 1318; x_wconf 85' lang='lat' dir='ltr'>difficile</span> <span class='ocrx_word' id='word_1_101' title='bbox 476 1265 582 1328; x_wconf 81' lang='lat' dir='ltr'>est,</span> <span class='ocrx_word' id='word_1_102' title='bbox 659 1275 912 1332; x_wconf 79' lang='lat' dir='ltr'>quaenam</span> <span class='ocrx_word' id='word_1_103' title='bbox 988 1260 1135 1327; x_wconf 83' lang='lat' dir='ltr'>figna</span> <span class='ocrx_word' id='word_1_104' title='bbox 1183 1276 1282 1329; x_wconf 88' lang='lat' dir='ltr'>pro</span> <span class='ocrx_word' id='word_1_105' title='bbox 1328 1263 1519 1330; x_wconf 87' lang='lat' dir='ltr'>quouis</span> <span class='ocrx_word' id='word_1_106' title='bbox 1569 1266 1682 1316; x_wconf 81' lang='lat' dir='ltr'>casu</span> <span class='ocrx_word' id='word_1_107' title='bbox 1729 1265 1871 1317; x_wconf 85' lang='lat' dir='ltr'>obti-</span> 
     </span>
     <span class='ocr_line' id='line_1_14' title="bbox 190 1343 1867 1412; baseline 0.001 -12"><span class='ocrx_word' id='word_1_108' title='bbox 190 1361 363 1401; x_wconf 82' lang='lat' dir='ltr'>neant.</span> <span class='ocrx_word' id='word_1_109' title='bbox 481 1348 565 1402; x_wconf 89' lang='lat' dir='ltr'>Ad</span> <span class='ocrx_word' id='word_1_110' title='bbox 633 1343 1042 1412; x_wconf 87' lang='lat' dir='ltr'>cognoscendam</span> <span class='ocrx_word' id='word_1_111' title='bbox 1092 1359 1224 1397; x_wconf 81' lang='lat' dir='ltr'>vcro</span> <span class='ocrx_word' id='word_1_112' title='bbox 1268 1343 1618 1399; x_wconf 79' lang='lat' dir='ltr'>ascensionem</span> <span class='ocrx_word' id='word_1_113' title='bbox 1668 1347 1867 1402; x_wconf 75' lang='lat' dir='ltr'>ree&#39;tam</span> 
     </span>
     <span class='ocr_line' id='line_1_15' title="bbox 190 1427 1868 1502; baseline 0.001 -17"><span class='ocrx_word' id='word_1_114' title='bbox 190 1430 329 1486; x_wconf 80' lang='lat' dir='ltr'>Solis</span> <span class='ocrx_word' id='word_1_115' title='bbox 369 1447 464 1502; x_wconf 91' lang='lat' dir='ltr'>pro</span> <span class='ocrx_word' id='word_1_116' title='bbox 508 1444 752 1499; x_wconf 82' lang='lat' dir='ltr'>tempore</span> <span class='ocrx_word' id='word_1_117' title='bbox 794 1427 1168 1481; x_wconf 85' lang='lat' dir='ltr'>obseruationis</span> <span class='ocrx_word' id='word_1_118' title='bbox 1194 1470 1208 1496; x_wconf 82' lang='lat'>,</span> <span class='ocrx_word' id='word_1_119' title='bbox 1279 1429 1508 1485; x_wconf 88' lang='lat' dir='ltr'>sufficiet</span> <span class='ocrx_word' id='word_1_120' title='bbox 1549 1430 1868 1500; x_wconf 86' lang='lat' dir='ltr'>Longitudi-</span> 
     </span>
     <span class='ocr_line' id='line_1_16' title="bbox 190 1512 1870 1583; baseline 0.002 -17"><span class='ocrx_word' id='word_1_121' title='bbox 190 1531 313 1568; x_wconf 89' lang='lat' dir='ltr'>nem</span> <span class='ocrx_word' id='word_1_122' title='bbox 356 1514 501 1582; x_wconf 90' lang='lat' dir='ltr'>loci,</span> <span class='ocrx_word' id='word_1_123' title='bbox 564 1513 620 1566; x_wconf 92' lang='lat' dir='ltr'>in</span> <span class='ocrx_word' id='word_1_124' title='bbox 667 1528 777 1583; x_wconf 87' lang='lat' dir='ltr'>quo</span> <span class='ocrx_word' id='word_1_125' title='bbox 813 1513 1112 1567; x_wconf 86' lang='lat' dir='ltr'>obseruatio</span> <span class='ocrx_word' id='word_1_126' title='bbox 1153 1512 1283 1565; x_wconf 66' lang='lat' dir='ltr'>facta</span> <span class='ocrx_word' id='word_1_127' title='bbox 1326 1529 1355 1566; x_wconf 86' lang='lat' dir='ltr'>a</span> <span class='ocrx_word' id='word_1_128' title='bbox 1402 1528 1528 1567; x_wconf 76' lang='lat' dir='ltr'>vera</span> <span class='ocrx_word' id='word_1_129' title='bbox 1573 1530 1677 1569; x_wconf 84' lang='lat' dir='ltr'>nou</span> <span class='ocrx_word' id='word_1_130' title='bbox 1724 1514 1870 1569; x_wconf 86' lang='lat' dir='ltr'>mul-</span> 
     </span>
     <span class='ocr_line' id='line_1_17' title="bbox 184 1590 1866 1668; baseline 0.001 -17"><span class='ocrx_word' id='word_1_131' title='bbox 184 1609 300 1652; x_wconf 89' lang='lat' dir='ltr'>tum</span> <span class='ocrx_word' id='word_1_132' title='bbox 347 1600 485 1653; x_wconf 86' lang='lat' dir='ltr'>vltra</span> <span class='ocrx_word' id='word_1_133' title='bbox 523 1590 728 1668; x_wconf 82' lang='lat' dir='ltr'>aliquot</span> <span class='ocrx_word' id='word_1_134' title='bbox 774 1598 980 1652; x_wconf 76' lang='lat' dir='ltr'>minuta</span> <span class='ocrx_word' id='word_1_135' title='bbox 1030 1597 1205 1668; x_wconf 85' lang='lat' dir='ltr'>prima</span> <span class='ocrx_word' id='word_1_136' title='bbox 1251 1596 1591 1651; x_wconf 82' lang='lat' dir='ltr'>abludentem</span> <span class='ocrx_word' id='word_1_137' title='bbox 1635 1597 1866 1653; x_wconf 83' lang='lat' dir='ltr'>affume-</span> 
     </span>
     <span class='ocr_line' id='line_1_18' title="bbox 184 1680 1865 1755; baseline 0.001 -21"><span class='ocrx_word' id='word_1_138' title='bbox 184 1698 260 1736; x_wconf 87' lang='lat' dir='ltr'>re.</span> <span class='ocrx_word' id='word_1_139' title='bbox 349 1683 494 1755; x_wconf 83' lang='lat' dir='ltr'>Quin</span> <span class='ocrx_word' id='word_1_140' title='bbox 538 1683 732 1750; x_wconf 78' lang='lat' dir='ltr'>etiam,</span> <span class='ocrx_word' id='word_1_141' title='bbox 779 1682 815 1734; x_wconf 78' lang='lat' dir='ltr'>si</span> <span class='ocrx_word' id='word_1_142' title='bbox 859 1681 913 1745; x_wconf 83' lang='lat' dir='ltr'>in</span> <span class='ocrx_word' id='word_1_143' title='bbox 957 1680 1265 1735; x_wconf 82' lang='lat' dir='ltr'>aestimanda</span> <span class='ocrx_word' id='word_1_144' title='bbox 1314 1682 1674 1749; x_wconf 84' lang='lat' dir='ltr'>Longitudine</span> <span class='ocrx_word' id='word_1_145' title='bbox 1740 1699 1865 1751; x_wconf 82' lang='lat' dir='ltr'><strong>gra·-</strong></span> 
     </span>
     <span class='ocr_line' id='line_1_19' title="bbox 185 1763 1870 1836; baseline 0 -17"><span class='ocrx_word' id='word_1_146' title='bbox 185 1767 308 1820; x_wconf 78' lang='lat' dir='ltr'>vior</span> <span class='ocrx_word' id='word_1_147' title='bbox 368 1767 811 1822; x_wconf 83' lang='lat' dir='ltr'>committeretur</span> <span class='ocrx_word' id='word_1_148' title='bbox 875 1782 1065 1834; x_wconf 85' lang='lat' dir='ltr'>error,</span> <span class='ocrx_word' id='word_1_149' title='bbox 1137 1763 1348 1819; x_wconf 82' lang='lat' dir='ltr'>calculo</span> <span class='ocrx_word' id='word_1_150' title='bbox 1422 1766 1483 1818; x_wconf 87' lang='lat' dir='ltr'>ad</span> <span class='ocrx_word' id='word_1_151' title='bbox 1527 1763 1697 1818; x_wconf 86' lang='lat' dir='ltr'>finem</span> <span class='ocrx_word' id='word_1_152' title='bbox 1744 1782 1870 1836; x_wconf 87' lang='lat' dir='ltr'>per-</span> 
     </span>
     <span class='ocr_line' id='line_1_20' title="bbox 186 1847 1867 1920; baseline 0.001 -18"><span class='ocrx_word' id='word_1_153' title='bbox 186 1850 346 1903; x_wconf 73' lang='lat' dir='ltr'>duc&#39;to</span> <span class='ocrx_word' id='word_1_154' title='bbox 413 1851 723 1919; x_wconf 83' lang='lat' dir='ltr'>Longitudo</span> <span class='ocrx_word' id='word_1_155' title='bbox 788 1850 893 1905; x_wconf 90' lang='lat' dir='ltr'>loci</span> <span class='ocrx_word' id='word_1_156' title='bbox 958 1853 1020 1906; x_wconf 87' lang='lat' dir='ltr'>ad</span> <span class='ocrx_word' id='word_1_157' title='bbox 1089 1850 1373 1905; x_wconf 85' lang='lat' dir='ltr'>veritatem</span> <span class='ocrx_word' id='word_1_158' title='bbox 1420 1847 1596 1903; x_wconf 86' lang='lat' dir='ltr'>multo</span> <span class='ocrx_word' id='word_1_159' title='bbox 1642 1851 1867 1920; x_wconf 84' lang='lat' dir='ltr'>propius</span> 
     </span>
     <span class='ocr_line' id='line_1_21' title="bbox 187 1929 1866 2005; baseline 0.002 -22"><span class='ocrx_word' id='word_1_160' title='bbox 187 1934 427 1987; x_wconf 83' lang='lat' dir='ltr'>accedens</span> <span class='ocrx_word' id='word_1_161' title='bbox 473 1935 707 1991; x_wconf 88' lang='lat' dir='ltr'>inueniri</span> <span class='ocrx_word' id='word_1_162' title='bbox 753 1935 916 2005; x_wconf 85' lang='lat' dir='ltr'>potest</span> <span class='ocrx_word' id='word_1_163' title='bbox 949 1971 964 1999; x_wconf 88' lang='lat'>‚</span> <span class='ocrx_word' id='word_1_164' title='bbox 1026 1949 1150 1984; x_wconf 88' lang='lat' dir='ltr'>cum</span> <span class='ocrx_word' id='word_1_165' title='bbox 1193 1948 1297 2000; x_wconf 84' lang='lat' dir='ltr'>qua</span> <span class='ocrx_word' id='word_1_166' title='bbox 1360 1929 1625 1984; x_wconf 82' lang='lat' dir='ltr'>calculum</span> <span class='ocrx_word' id='word_1_167' title='bbox 1691 1933 1866 1987; x_wconf 78' lang='lat' dir='ltr'>denuo</span> 
     </span>
     <span class='ocr_line' id='line_1_22' title="bbox 189 2015 552 2074; baseline 0.014 -5"><span class='ocrx_word' id='word_1_168' title='bbox 189 2016 322 2069; x_wconf 84' lang='lat' dir='ltr'>inire</span> <span class='ocrx_word' id='word_1_169' title='bbox 362 2015 552 2074; x_wconf 89' lang='lat' dir='ltr'>licebit.</span> 
     </span>
    </p>
   </div>
   <div class='ocr_carea' id='block_1_3' title="bbox 1878 2153 2143 2204">
    <p class='ocr_par' dir='ltr' id='par_1_3' title="bbox 1878 2153 2143 2204">
     <span class='ocr_line' id='line_1_23' title="bbox 1878 2153 2143 2204; baseline 0.011 -3"><span class='ocrx_word' id='word_1_170' title='bbox 1878 2153 1988 2203; x_wconf 87' lang='lat' dir='ltr'>Tab.</span> <span class='ocrx_word' id='word_1_171' title='bbox 2000 2154 2143 2204; x_wconf 81' lang='lat' dir='ltr'>XXXI</span> 
     </span>
    </p>
   </div>
   <div class='ocr_carea' id='block_1_4' title="bbox 312 2141 2089 2284">
    <p class='ocr_par' dir='ltr' id='par_1_4' title="bbox 312 2141 2089 2284">
     <span class='ocr_line' id='line_1_24' title="bbox 312 2141 2089 2284; baseline 0.007 -50"><span class='ocrx_word' id='word_1_172' title='bbox 312 2141 317 2146; x_wconf 89' lang='lat'><em>-</em></span> <span class='ocrx_word' id='word_1_173' title='bbox 387 2191 441 2237; x_wconf 87' lang='lat'>6.</span> <span class='ocrx_word' id='word_1_174' title='bbox 487 2183 738 2254; x_wconf 86' lang='lat' dir='ltr'>Defignet</span> <span class='ocrx_word' id='word_1_175' title='bbox 782 2181 979 2238; x_wconf 86' lang='lat' dir='ltr'>iterum</span> <span class='ocrx_word' id='word_1_176' title='bbox 1029 2181 1189 2238; x_wconf 84' lang='lat' dir='ltr'>PzM</span> <span class='ocrx_word' id='word_1_177' title='bbox 1234 2181 1626 2249; x_wconf 86' lang='lat' dir='ltr'>meridianum,</span> <span class='ocrx_word' id='word_1_178' title='bbox 1657 2182 1860 2241; x_wconf 72' lang='lat' dir='ltr'>‘v’MT</span> <span class='ocrx_word' id='word_1_179' title='bbox 1907 2225 2005 2284; x_wconf 84' lang='lat' dir='ltr'>Fig.</span> <span class='ocrx_word' id='word_1_180' title='bbox 2041 2239 2089 2279; x_wconf 50' lang='lat'>4·</span> 
     </span>
    </p>
   </div>
   <div class='ocr_carea' id='block_1_5' title="bbox 185 2266 1878 2924">
    <p class='ocr_par' dir='ltr' id='par_1_5' title="bbox 185 2266 1878 2847">
     <span class='ocr_line' id='line_1_25' title="bbox 187 2266 1857 2340; baseline 0 -16"><span class='ocrx_word' id='word_1_181' title='bbox 187 2281 517 2338; x_wconf 82' lang='lat' dir='ltr'>aequatorem</span> <span class='ocrx_word' id='word_1_182' title='bbox 562 2281 613 2322; x_wconf 90' lang='lat' dir='ltr'>et</span> <span class='ocrx_word' id='word_1_183' title='bbox 659 2271 718 2323; x_wconf 71' lang='grc' dir='ltr'>’Ψ</span> <span class='ocrx_word' id='word_1_184' title='bbox 749 2269 881 2323; x_wconf 51' lang='lat' dir='ltr'>N&amp;</span> <span class='ocrx_word' id='word_1_185' title='bbox 921 2267 1231 2340; x_wconf 82' lang='lat' dir='ltr'>eclipticam</span> <span class='ocrx_word' id='word_1_186' title='bbox 1303 2266 1429 2339; x_wconf 92' lang='lat' dir='ltr'>polo</span> <span class='ocrx_word' id='word_1_187' title='bbox 1497 2267 1611 2322; x_wconf 88' lang='lat' dir='ltr'>eius</span> <span class='ocrx_word' id='word_1_188' title='bbox 1678 2269 1734 2322; x_wconf 91' lang='lat' dir='ltr'>in</span> <span class='ocrx_word' id='word_1_189' title='bbox 1801 2270 1857 2324; x_wconf 89' lang='grc' dir='ltr'>Π</span> 
     </span>
     <span class='ocr_line' id='line_1_26' title="bbox 185 2352 1853 2425; baseline 0.001 -17"><span class='ocrx_word' id='word_1_190' title='bbox 185 2353 457 2419; x_wconf 85' lang='lat' dir='ltr'>existente,</span> <span class='ocrx_word' id='word_1_191' title='bbox 501 2353 667 2408; x_wconf 67' lang='lat' dir='ltr'>ductis</span> <span class='ocrx_word' id='word_1_192' title='bbox 710 2353 1078 2425; x_wconf 80' lang='lat' dir='ltr'>quadrantibus</span> <span class='ocrx_word' id='word_1_193' title='bbox 1107 2352 1441 2407; x_wconf 89' lang='lat' dir='ltr'>circulorum</span> <span class='ocrx_word' id='word_1_194' title='bbox 1477 2352 1853 2409; x_wconf 81' lang='lat' dir='ltr'>maximorum</span> 
     </span>
     <span class='ocr_line' id='line_1_27' title="bbox 190 2434 1852 2508; baseline 0.001 -18"><span class='ocrx_word' id='word_1_195' title='bbox 190 2438 381 2491; x_wconf 62' lang='lat' dir='ltr'>111³ae</span> <span class='ocrx_word' id='word_1_196' title='bbox 421 2450 474 2492; x_wconf 89' lang='lat' dir='ltr'>et</span> <span class='ocrx_word' id='word_1_197' title='bbox 527 2437 718 2492; x_wconf 58' lang='grc' dir='ltr'>ΗΖΝ</span> <span class='ocrx_word' id='word_1_198' title='bbox 749 2478 764 2506; x_wconf 84' lang='lat'>,</span> <span class='ocrx_word' id='word_1_199' title='bbox 831 2439 978 2508; x_wconf 86' lang='lat' dir='ltr'>prior</span> <span class='ocrx_word' id='word_1_200' title='bbox 1050 2439 1156 2492; x_wconf 87' lang='lat' dir='ltr'>erit</span> <span class='ocrx_word' id='word_1_201' title='bbox 1221 2434 1437 2492; x_wconf 82' lang='lat' dir='ltr'>colurus</span> <span class='ocrx_word' id='word_1_202' title='bbox 1505 2436 1852 2498; x_wconf 85' lang='lat' dir='ltr'>solstitiorum</span> 
     </span>
     <span class='ocr_line' id='line_1_28' title="bbox 185 2509 1853 2595; baseline 0.003 -24"><span class='ocrx_word' id='word_1_203' title='bbox 185 2522 277 2592; x_wconf 89' lang='lat' dir='ltr'>qui</span> <span class='ocrx_word' id='word_1_204' title='bbox 323 2523 581 2593; x_wconf 82' lang='lat' dir='ltr'>aequatori</span> <span class='ocrx_word' id='word_1_205' title='bbox 627 2535 871 2578; x_wconf 85' lang='lat' dir='ltr'>occurrat</span> <span class='ocrx_word' id='word_1_206' title='bbox 915 2523 971 2575; x_wconf 88' lang='lat' dir='ltr'>in</span> <span class='ocrx_word' id='word_1_207' title='bbox 1015 2521 1216 2595; x_wconf 61' lang='lat' dir='ltr'>puncto</span> <span class='ocrx_word' id='word_1_208' title='bbox 1259 2523 1311 2575; x_wconf 91' lang='lat' dir='ltr'>T</span> <span class='ocrx_word' id='word_1_209' title='bbox 1341 2564 1357 2592; x_wconf 90' lang='lat'>‚</span> <span class='ocrx_word' id='word_1_210' title='bbox 1422 2509 1675 2593; x_wconf 69' lang='lat' dir='ltr'>posterior</span> <span class='ocrx_word' id='word_1_211' title='bbox 1721 2538 1853 2577; x_wconf 83' lang='lat' dir='ltr'>vero</span> 
     </span>
     <span class='ocr_line' id='line_1_29' title="bbox 185 2602 1847 2680; baseline 0.001 -22"><span class='ocrx_word' id='word_1_212' title='bbox 185 2606 238 2659; x_wconf 88' lang='lat' dir='ltr'>in</span> <span class='ocrx_word' id='word_1_213' title='bbox 283 2602 522 2677; x_wconf 87' lang='lat' dir='ltr'>ecliptica</span> <span class='ocrx_word' id='word_1_214' title='bbox 566 2607 785 2663; x_wconf 89' lang='lat' dir='ltr'>definiet</span> <span class='ocrx_word' id='word_1_215' title='bbox 830 2606 1093 2680; x_wconf 74' lang='lat' dir='ltr'>punc&#39;tum</span> <span class='ocrx_word' id='word_1_216' title='bbox 1139 2605 1196 2662; x_wconf 90' lang='lat' dir='ltr'>N</span> <span class='ocrx_word' id='word_1_217' title='bbox 1242 2609 1384 2680; x_wconf 91' lang='lat' dir='ltr'>quod</span> <span class='ocrx_word' id='word_1_218' title='bbox 1428 2606 1536 2659; x_wconf 73' lang='lat' dir='ltr'>iam</span> <span class='ocrx_word' id='word_1_219' title='bbox 1580 2608 1847 2680; x_wconf 67' lang='lat' dir='ltr'>punctum</span> 
     </span>
     <span class='ocr_line' id='line_1_30' title="bbox 188 2685 1878 2764; baseline 0.001 -21"><span class='ocrx_word' id='word_1_220' title='bbox 188 2689 527 2760; x_wconf 80' lang='lat' dir='ltr'>Nonagefimi</span> <span class='ocrx_word' id='word_1_221' title='bbox 588 2692 853 2764; x_wconf 46' lang='lat' dir='ltr'>*adpellare</span> <span class='ocrx_word' id='word_1_222' title='bbox 914 2692 1134 2758; x_wconf 84' lang='lat' dir='ltr'>licebit,</span> <span class='ocrx_word' id='word_1_223' title='bbox 1201 2691 1295 2747; x_wconf 86' lang='lat' dir='ltr'>etfi</span> <span class='ocrx_word' id='word_1_224' title='bbox 1363 2708 1392 2746; x_wconf 87' lang='lat' dir='ltr'>a</span> <span class='ocrx_word' id='word_1_225' title='bbox 1457 2692 1661 2761; x_wconf 64' lang='lat' dir='ltr'>puncto</span> <span class='ocrx_word' id='word_1_226' title='bbox 1728 2685 1878 2755; x_wconf 41' lang='lat' dir='ltr'>No&lt;</span> 
     </span>
     <span class='ocr_line' id='line_1_31' title="bbox 185 2772 1850 2847; baseline 0.001 -20"><span class='ocrx_word' id='word_1_227' title='bbox 185 2772 436 2842; x_wconf 81' lang='lat' dir='ltr'>nagefimi</span> <span class='ocrx_word' id='word_1_228' title='bbox 479 2780 841 2833; x_wconf 81' lang='lat' dir='ltr'>communiter</span> <span class='ocrx_word' id='word_1_229' title='bbox 895 2776 966 2834; x_wconf 87' lang='lat' dir='ltr'>fic</span> <span class='ocrx_word' id='word_1_230' title='bbox 1033 2777 1176 2834; x_wconf 59' lang='lat' dir='ltr'>dieto</span> <span class='ocrx_word' id='word_1_231' title='bbox 1242 2777 1513 2833; x_wconf 85' lang='lat' dir='ltr'>diuersum</span> <span class='ocrx_word' id='word_1_232' title='bbox 1581 2776 1685 2847; x_wconf 83' lang='lat' dir='ltr'>fit,</span> <span class='ocrx_word' id='word_1_233' title='bbox 1748 2773 1850 2829; x_wconf 89' lang='lat' dir='ltr'>hoc</span> 
     </span>
    </p>

    <p class='ocr_par' dir='ltr' id='par_1_6' title="bbox 270 2858 1846 2924">
     <span class='ocr_line' id='line_1_32' title="bbox 270 2858 1846 2924; baseline 0.001 -12"><span class='ocrx_word' id='word_1_234' title='bbox 270 2858 956 2924; x_wconf 85' lang='lat' dir='ltr'>Tom.XV.Nou.Comm.</span> <span class='ocrx_word' id='word_1_235' title='bbox 1152 2862 1195 2919; x_wconf 90' lang='lat' dir='ltr'>F</span> <span class='ocrx_word' id='word_1_236' title='bbox 1221 2864 1249 2917; x_wconf 87' lang='lat' dir='ltr'>f</span> <span class='ocrx_word' id='word_1_237' title='bbox 1261 2863 1292 2917; x_wconf 85' lang='lat' dir='ltr'>f</span> <span class='ocrx_word' id='word_1_238' title='bbox 1301 2867 1333 2920; x_wconf 90' lang='lat' dir='ltr'>f</span> <span class='ocrx_word' id='word_1_239' title='bbox 1695 2859 1846 2915; x_wconf 87' lang='lat' dir='ltr'>enim</span> 
     </span>
    </p>
   </div>
  </div>
 </body>
</html>
