2402 3329
542 201 664 254 5532
917 178 1843 246 OB’SERVATIONES

538 335 667 395 dem
712 333 960 407 musore,
1011 351 1118 409 qua
1165 338 1474 398 membrana
1514 349 1703 392 ornnes
1744 332 1971 390 musculi
2014 331 2076 387 ad
2119 329 2233 387 hu-

541 435 753 475 merum
820 420 903 476 fiti
941 464 957 491 .,
1025 423 1310 496 praecipue
1379 437 1511 476 *vero
1580 422 1798 478 anconei
1865 418 2223 482 includuntur

539 506 1101 579 comprimunturun.

252 657 500 771 Mussculus
735 673 1014 735 Masculus
1055 675 1151 734 ille
1195 677 1359 733 durus
1388 718 1410 747 ,v
1447 675 1936 734 tendineo-carneus
1965 715 1981 744 ,
2045 689 2112 729 ex
2157 671 2229 727 fi-

250 735 397 852 ζῖἓειῗ
435 743 641 840 {fibris
710 766 859 816 varie
918 762 1190 821 decussatis
1220 805 1237 833 ‚
1302 776 1630 827 contemne,
1695 765 1965 832 originem
2035 776 2064 814 a
2128 757 2232 814 basi

252 859 444 904 meralis.
538 857 653 901 tota
705 847 939 916 scapulae
981 850 1129 901 ducit
1173 845 1318 899 fibris
1377 845 2064 900 tendineo-membranofis
2121 846 2235 898 for-

257 925 343 982 (fig.
374 924 495 983 2.l>)
538 925 745 980 tiffimis
773 967 792 994 ‚
853 933 990 982 vnde
1055 929 1403 984 conformiter
1445 928 1570 980 sttui
1611 929 1850 997 scapulae
1875 967 1890 993 ‚
1963 929 2133 996 (quae
2175 930 2235 983 in

253 988 512 1039 T.XXV111
536 1008 688 1064 leone
735 1025 789 1066 et
833 1010 932 1065 fele
975 1010 1079 1066 bafi
1120 1012 1352 1067 breuiori
1382 1053 1397 1078 ‚
1462 1009 1817 1081 lateribusque
1862 1011 2060 1064 duobus
2111 1011 2235 1065 lot-1·-

535 1094 778 1164 gioribus
822 1098 1091 1167 gaudet,)
1139 1094 1651 1169 perpendiculariter
1704 1096 1888 1151 versus
1936 1095 2236 1151 humerum

530 1182 832 1251 adscendit,
898 1194 951 1237 et
1020 1198 1190 1255 porro
1247 1198 1274 1236 a
1321 1192 1433 1236 tota
1479 1179 1572 1235 fibi
1616 1180 1712 1236 hac
1760 1182 1966 1240 ratione
2012 1179 2238 1245 subieaesta

532 1267 678 1337 spina
746 1265 1001 1339 scapulae.
1098 1268 1328 1332 Fibrae,
1395 1283 1528 1338 quae
1575 1283 1604 1320 a
1652 1282 1798 1337 parte
1846 1266 2017 1321 baseos
2059 1270 2238 1339 supra·

532 1352 733 1419 (pinara
777 1354 1032 1410 oriuntur
1060 1394 1102 1421 ,,
1142 1352 1363 1425 oblique
1408 1355 1587 1407 versus
1660 1349 1959 1408 humerum
2028 1353 2239 1408 descen.-

531 1436 720 1504 dunt,
791 1440 846 1492 in
914 1440 1251 1509 eundemque
1297 1439 1470 1509 quoad
1530 1437 1793 1494 maiorem
1844 1449 2050 1508 partem
2100 1438 2238 1492 inse·

532 1536 734 1576 runtur
760 1563 776 1591 ‚
823 1524 880 1577 in
925 1523 1133 1594 spinam
1164 1563 1179 1591 ‚
1222 1538 1355 1595 quae
1399 1540 1428 1577 a
1476 1523 1658 1577 tubere
1715 1523 1911 1577 maiori
1956 1522 2235 1578 descendit.

534 1606 694 1661 Aliae
745 1620 928 1662 tamen
974 1625 1161 1662 earum
1213 1611 1388 1678 magis
1429 1607 1644 1679 oblique
1690 1608 2112 1680 progrediuntur
2183 1617 2238 1662 et

534 1689 593 1744 in
639 1694 1012 1746 membranam
1059 1692 1261 1745 dieram
1309 1695 1577 1746 transeunt
1605 1732 1622 1757 ‚
1683 1695 1738 1743 in
1781 1708 1945 1760 eaque
2016 1692 2236 1761 oblique.

535 1775 720 1828 versus
764 1777 1042 1842 regionem
1088 1774 1322 1828 flexurae
1362 1775 1528 1827 cubiti
1586 1774 1857 1828 tendineae
1925 1775 2234 1828 decurrunt.

536 1857 676 1912 Illae
720 1856 879 1913 fibrae
908 1897 924 1924 ,
992 1875 1121 1927 quae
1165 1875 1192 1912 a
1241 1872 1388 1930 parte
1433 1860 1603 1912 baseos
1650 1857 1987 1928 infraspinata
2040 1870 2234 1913 ortum

535 1943 813 1996 duxerunt
841 1982 860 2009 ‚
924 1945 1098 2010 magis
1144 1942 1660 2013 perpendiculariter
1704 1943 1886 1996 versus
1933 1940 2235 2001 humerum

535 2029 847 2092 transeunt3
919 2027 1002 2080 sed
1073 2027 1129 2079 in
1201 2026 1379 2079 medio
1444 2022 1545 2077 hoc
1593 2022 1786 2077 itinere
1830 2029 1885 2080 in
1932 2026 2234 2089 tendineam

537 2119 906 2164 membranam
977 2108 1326 2164 humeralem
1397 2109 1591 2162 abeunt
1628 2147 1644 2174 ‚
1724 2108 1777 2160 in
1845 2125 1949 2180 qua
2013 2112 2235 2165 eandem

538 2198 801 2250 continuo
844 2194 1198 2250 diretstionem
1243 2196 1579 2251 obseruantes
1619 2190 1756 2246 circa
1800 2192 2083 2248 brachium
2112 2195 2236 2250 vol-

537 2288 757 2335 ffuntur.
842 2280 993 2352 Quae
1039 2283 1268 2351 denique
1313 2279 1472 2334 fibrae
1515 2295 1544 2332 a
1586 2275 1731 2347 spina
1776 2278 2014 2350 scapulae
2044 2282 2237 2339 oriun-

540 2378 633 2418 tur
662 2405 677 2431 ‚
743 2366 982 2433 exceptis
1023 2366 1134 2420 illis
1180 2381 1313 2439 quae
1355 2365 1417 2420 ab
1472 2363 1588 2434 ipso
1654 2378 1899 2420 acromio
1962 2368 2237 2435 originem

537 2450 742 2506 ducunt
769 2490 786 2518 ,
829 2465 918 2505 eae
962 2466 992 2506 a
1038 2453 1304 2524 prioribus
1348 2448 1535 2515 fibris,
1577 2461 1607 2498 a
1650 2446 1751 2503 bafi
1797 2451 1959 2517 orti5‚
2002 2456 2107 2506 fere
2151 2464 2235 2507 te·

541 2549 755 2605 guntur.
843 2537 929 2591 Sic
974 2538 1066 2593 offi
1116 2536 1334 2591 humeri
1378 2548 1431 2589 et
1473 2533 1678 2588 thoraci
1724 2536 1962 2605 paralleli
2030 2539 2235 2594 descen-

539 2624 674 2676 dunt
705 2663 721 2687 ,
767 2634 820 2674 et
867 2623 918 2676 in
963 2624 1152 2678 eodem
1200 2622 1431 2677 termino
1461 2659 1476 2685 ‚
1549 2618 1636 2672 vbi
1683 2616 1842 2675 fibrae
1883 2639 1912 2675 a
1954 2622 2055 2677 basi
2104 2640 2233 2695 pro-

539 2708 727 2761 ductae
773 2706 1220 2764 membran-escere
1260 2705 1579 2776 incipiebant
1603 2745 1618 2774 ,
1680 2701 1777 2759 hae
1819 2723 2035 2781 quoque
2105 2726 2233 2764 ean·-

2103 2795 2228 2851 dem
