2402 3329
505 203 1062 266 FLVIDORVM
1129 172 1534 262 LINEARI.
1726 217 1839 271 305

173 363 349 418 nostro
387 357 587 413 calculo
633 356 854 411 habetur
881 398 896 424 ‚
966 357 1171 410 mirum
1222 371 1331 410 non
1378 355 1449 410 est
1479 397 1493 421 ‚
1556 354 1697 427 quod
1742 351 1853 405 cab

172 450 322 499 culus
369 459 474 497 tam
523 445 781 496 immania
828 444 1093 512 paradoxa
1138 443 1190 494 in
1243 443 1289 494 se
1366 443 1652 514 implicet,
1723 453 1857 511 quae

171 542 348 584 autem
394 544 448 580 re
492 529 617 582 bene
665 529 890 598 expensa
939 531 1123 600 sponte
1167 524 1467 581 diluuntur.

643 670 1199 749 Scholion
1315 695 1379 745 2.

369 831 466 890 95.
512 817 856 873 Introduc‘tio
904 829 1083 871 autem
1131 816 1393 872 eiusmodi
1447 817 1716 886 potentiae
1789 812 1859 881 L,

167 919 300 974 quae
361 905 558 973 iugiter
610 906 718 973 pari
790 904 846 956 vi
919 915 1128 972 premat
1194 903 1302 955 siue
1344 917 1475 970 aqua
1527 918 1618 971 per
1664 898 1858 951 tubum

165 986 385 1040 celerius
429 999 816 1059 promoueatur
863 986 966 1037 siue
1016 986 1250 1052 tardiuS,
1294 1001 1319 1034 a
1372 997 1558 1034 natura
1606 986 1810 1035 virium
1843 1021 1859 1047 ‚

171 1088 303 1140 quae
350 1077 407 1124 ad
455 1088 646 1141 aquam
706 1069 1110 1140 propellendam
1182 1069 1543 1134 vsurpantur‚
1617 1067 1857 1118 maxime

171 1157 421 1210 abhorret
456 1199 470 1224 ,
537 1172 663 1209 cum
733 1170 919 1207 omnes
965 1152 1086 1203 istae
1135 1152 1275 1201 vires
1318 1152 1389 1200 ita
1438 1150 1859 1220 sintcompara-

172 1251 293 1308 tae,
362 1256 421 1294 vt
488 1258 593 1309 quo
653 1237 879 1289 celerius
928 1234 1030 1283 iam
1078 1248 1207 1301 aqua
1258 1248 1350 1301 per
1396 1235 1582 1287 tubum
1631 1248 1857 1305 promo-

168 1337 328 1377 vetur
356 1364 371 1386 ,
436 1339 500 1375 eo
541 1319 707 1384 magis
761 1315 1126 1371 debilitentur.
1253 1316 1619 1391 Quamobrem
1669 1318 1705 1370 fi
1751 1316 1857 1372 hoc

171 1407 446 1477 problema
497 1404 558 1454 ad
597 1404 740 1453 casus
784 1399 987 1467 reales»,
1059 1403 1248 1473 quibus
1314 1418 1446 1472 aqua
1517 1406 1577 1456 ad
1651 1414 1855 1456 certam

168 1486 514 1540 altitudinem
582 1485 784 1539 eleuari
854 1486 1045 1552 debet,
1110 1489 1513 1541 accommodare
1580 1485 1858 1553 velimUS‚

164 1585 419 1626 naturam
465 1586 655 1626 earum
701 1573 910 1625 virium
941 1612 955 1639 ‚
1028 1572 1218 1643 quibus
1264 1576 1325 1627 ad
1378 1571 1520 1625 hunc
1564 1570 1727 1625 finem
1786 1571 1857 1626 est

165 1657 426 1711 Vtendum
455 1699 469 1725 ,
515 1660 671 1729 probe
711 1655 1028 1713 considerari
1071 1670 1301 1730 oportet.
1388 1657 1568 1730 Quam
1613 1655 1849 1711 indolem

167 1757 294 1795 cum
344 1744 453 1797 iam
501 1744 555 1798 in
604 1745 941 1815 praecedente
985 1744 1157 1815 capite
1221 1741 1450 1796 dilucide
1513 1741 1857 1812 exposuerim

165 1826 290 1883 inde
336 1830 398 1882 ad
444 1829 677 1898 praesens
727 1830 1033 1883 institutum
1088 1831 1143 1884 id
1214 1841 1426 1882 tantum
1494 1839 1725 1898 repet0,
1793 1825 1858 1879 acl

166 1929 301 1982 opus
350 1915 713 1989 peragendum
755 1915 990 1971 adhiberi
1036 1927 1239 1969 certam
1287 1916 1404 1968 vim
1455 1913 1495 1966 F
1539 1929 1671 1984 quae
1717 1921 1857 1964 certa

170 1996 452 2049 velocitate
517 2015 544 2050 e
609 2015 726 2065 agat
755 2038 770 2063 ‚
841 2002 914 2051 ita
960 2011 1024 2052 vt
1070 2002 1181 2051 iam
1227 2011 1338 2052 tota
1386 1998 1617 2066 quaestio
1660 2013 1724 2048 eo
1767 2009 1854 2044 re-

170 2078 329 2143 deat3
381 2081 656 2145 quomodo
703 2078 1008 2131 machinam
1059 2080 1246 2129 instrui
1292 2079 1578 2130 conueniat
1610 2115 1624 2139 ‚
1691 2087 1754 2128 vt
1796 2075 1858 2128 ab

170 2162 263 2214 ista
331 2159 387 2212 vi
456 2158 550 2213 hic
618 2159 889 2214 celeritate
959 2170 1145 2229 agente
1193 2176 1324 2233 aqua
1369 2160 1711 2215 vniformiter
1757 2174 1852 2233 per

171 2244 363 2299 tubum
408 2241 634 2317 propelli
680 2244 850 2316 possit.

648 2388 1140 2470 Problema¹
1257 2391 1385 2490 56.

356 2540 451 2606 96.
496 2530 553 2588 Si
595 2550 728 2607 aqua
779 2553 873 2609 per
920 2541 1110 2594 tubum
1166 2551 1438 2611 vtcunque
1503 2536 1853 2607 inaequaliter
1886 2555 1999 2604 Tab.
2041 2559 2117 2607 w,

173 2616 415 2688 amplum
488 2617 542 2669 A
572 2637 604 2672 a
669 2623 768 2677 Oo
813 2624 873 2675 ad
940 2622 1280 2680 altitudinem
1349 2627 1529 2678 datam
1584 2625 1851 2678 Omza
1885 2626 1973 2689 Fig.
2009 2638 2082 2685 49·

175 2718 329 2757 motu
378 2705 633 2756 vniformi
680 2706 877 2761 eleuari
919 2709 1097 2763 debeat
1143 2727 1170 2762 a
1217 2711 1330 2764 data
1373 2713 1430 2763 vi
1477 2726 1546 2762 :z
1579 2710 1652 2776 F,
1720 2723 1853 2776 quae

174 2788 287 2844 data
334 2787 600 2840 celeritate
668 2809 787 2845 :e
857 2807 1156 2866 operetur,
1229 2793 1538 2850 machinam
1605 2795 1853 2849 inuenire

227 2916 229 2919 s
259 2869 970 2936 Tom.XV.Nou.Comm.
1223 2879 1331 2956 Qq
1703 2879 1853 2933 cuius
