2402 3329
546 212 664 285 600
737 198 1053 269 LONGIT.
1077 194 1691 259 'G’EOGR'A'PHICAE
1719 196 1822 252 EX
1851 191 2140 253 ECLIPSI

547 356 680 410 locis
723 354 1111 409 obseruationes
1158 349 1381 422 Eclipfis
1451 350 1592 406 Solis
1658 349 1924 402 institutae
1995 346 2235 412 fuerint,

548 440 942 512 proomnibus¹
977 434 1037 493 ad
1080 437 1480 508 ptaescriptfnm
1520 436 1675 488 huius
1726 431 1973 492 Methodi
2007 472 2022 497 ‚
2056 493 2060 497 ⁸
2089 443 2231 484 teme

517 541 680 601 ,pora
719 523 1119 594 ,coniunctionis
1151 519 1292 576 'Solis
1334 536 1386 574 et
1429 520 1609 572 Lunae
1663 517 2010 590 determinari
2082 526 2232 585 pote-

551 613 680 662 runt
709 652 722 676 ‚
771 605 1093 661 differentiae
1135 600 1314 658 autem
1365 599 1503 659 inter
1552 604 1678 656 haec
1710 607 1971 672 'tempora
2003 642 2017 667 ,
2082 597 2233 651 diffe-

551 693 744 746 rentias
813 685 1034 762 quoque
1093 688 1517 743 Meridianorum
1591 674 1696 765 his-¹
1741 686 1869 740 locis
1914 684 2232 755 responden-

555 778 696 830 tium
723 793 754 845 ,·
784 776 842 829 in
890 778 1142 847 tempore
1163 767 1465 847 ‘express-ag
1494 761 1834 827 exhibebunt.

754 957 843 995 12⁴.
892 930 1177 1007 Hucusque
1223 955 1248 991 a
1294 941 1439 992 nobis
1484 928 1817 1007 suppofitum
1861 939 1966 993 fuit
1998 979 2012 1006 ‚
2053 939 2238 992 omnia

553 1022 814 1080 elementa
864 1018 1232 1079 Astronornica
1278 1038 1346 1076 ex
1412 1023 1634 1075 Tabulis
1700 1018 1979 1091 desumta,
2047 1020 2242 1091 quibus

553 1109 790 1164 calculus
839 1107 1069 1179 Eclipfis
1113 1100 1252 1163 Solis
1298 1107 1670 1178 superstruitur
1703 1148 1716 1175 ‚
1763 1100 1979 1160 veritati
2008 1104 2240 1178 perfec‘te

555 1195 654 1250 esse
724 1197 1111 1258 consentanea,
1187 1207 1356 1264 quum
1421 1207 1554 1246 vero
1624 1187 1899 1263 imprimis
1965 1182 2108 1262 quod
2176 1191 2241 1245 ad

551 1279 970 1347 Longitudinem
1020 1291 1074 1332 et
1117 1278 1483 1332 Latitudinem
1532 1274 1714 1331 Lunae
1761 1278 1978 1343 attinet,
2017 1271 2245 1329 Tabulis

555 1365 951 1418 Astronomicis
998 1364 1096 1415 vix
1140 1363 1319 1416 maior
1359 1361 1628 1416 certitudo
1657 1403 1671 1427 ‚
1715 1379 1876 1434 quam
1924 1376 2057 1430 quae
2103 1360 2244 1412 intra

554 1444 1059 1503 'vnum‘minu'tum
1108 1447 1354 1517 primum
1403 1447 1709 1501 continetur
1756 1446 1972 1501 adscribi
2043 1457 2244 1516 queat;

555 1534 673 1588 tum
721 1549 848 1587 vero
893 1534 1160 1587 incertum
1226 1532 1338 1600 fit,
1406 1547 1470 1584 an
1541 1548 1644 1585 non
1716 1532 1999 1601 parallaxis
2066 1531 2246 1585 Lunae

556 1615 912 1687 horizontalis
958 1629 1271 1685 aequatorea
1317 1620 1372 1670 in
1418 1615 1634 1668 Tabulis
1705 1617 1993 1685 assignata,
2061 1613 2247 1668 tantil-

556 1700 669 1753 lam
715 1701 964 1753 admittat
1007 1700 1443 1761 correctionem,
1490 1699 1646 1765 idque
1673 1701 1957 1767 praecipue
1983 1700 2047 1750 ob
2074 1700 2249 1752 incer-

562 1783 853 1838 titudinem
903 1797 1056 1836 verae
1081 1780 1283 1850 figurae
1308 1780 1548 1834 Telluris
1576 1799 1592 1849 5
1637 1771 1765 1834 cum
1795 1783 1955 1835 etiam
1987 1778 2250 1851 probabile

561 1862 909 1936 deniq'ue‘fit
963 1865 1384 1919 semidiametros
1440 1864 1579 1920 Solis
1633 1877 1687 1917 et
1755 1866 1941 1918 Lunae
2011 1865 2249 1935 aliquam

562 1951 846 2016 admittere
892 1947 1036 2017 posse
1081 1947 1562 2001 correctiunculam
1609 1947 1715 1999 siue
1768 1949 2003 2012 realem,
2049 1949 2137 2001 seu
2181 1961 2252 2000 ex

561 2033 873 2088 refraCtione
918 2028 1324 2102 armos-phaerae
1371 2029 1599 2081 Lunaris
1660 2029 1750 2084 vel
1815 2032 2104 2086 inflexione
2174 2047 2253 2085 ra-

562 2117 782 2173 diorum
833 2112 973 2170 Solis
1022 2133 1191 2186 prope
1241 2114 1474 2168 limbum
1523 2113 1704 2169 Lunae
1729 2118 2037 2184 oriundam,
2081 2118 2252 2170 neces-

562 2205 681 2258 sum
726 2200 957 2256 omnino
1003 2200 1075 2253 est
1104 2240 1117 2266 ,
1163 2213 1224 2254 vt
1268 2200 1641 2270 inquiramus,
1713 2204 1986 2269 quomodo
2028 2200 2253 2269 conclu-

565 2287 645 2344 sio
690 2288 856 2340 nostra
904 2301 1004 2356 pro
1051 2297 1298 2356 tempore
1339 2283 1728 2344 coniunctionis
1799 2287 1864 2341 ob
1936 2285 2251 2341 huiusmodi

566 2372 919 2427 correctiones
966 2371 1308 2425 immutetur.
1417 2367 1576 2441 Quod
1625 2367 1792 2436 igitur
1838 2373 2081 2443 primum
2125 2370 2255 2425 atti-

566 2469 660 2511 net
702 2454 1095 2510 correctionem
1130 2496 1144 2523 ,
1191 2471 1302 2526 qua
1350 2453 1659 2523 Longitudo
1704 2455 1889 2510 Lunae
1932 2473 2000 2511 ex
2064 2455 2272 2511 tabulis

565 2543 803 2598 desumta
848 2540 1094 2608 indiget,
1142 2541 1435 2595 tenendum
1484 2537 1554 2591 est
1600 2539 1698 2589 vix
1739 2557 1872 2612 opus
1893 2541 1989 2596 esse
2019 2583 2033 2609 ‚
2079 2540 2250 2595 vllam

568 2629 682 2680 eius
724 2625 827 2680 hoc
875 2624 931 2697 in
980 2625 1202 2693 negotio
1245 2624 1432 2689 habere
1479 2621 1743 2686 rationem
1774 2666 1789 2693 ,
1844 2625 2102 2698 fiquidem
2153 2624 2255 2679 Pa-

569 2710 794 2764 rallaxes
843 2708 1219 2777 Longitudinis
1261 2720 1315 2764 et
1360 2706 1687 2778 Latitudinis
1715 2750 1729 2776 ‚
1776 2722 1996 2785 propter
2019 2710 2255 2782 aliquan-

573 2805 696 2848 tum
741 2794 1567 2866 immutatam-Longitudinem
1611 2792 1793 2849 Lunae
1834 2795 2126 2853 sensibilem
2152 2810 2269 2856 non,

2046 2880 2255 2957 patian—
