2402 3329
465 259 594 313 434
772 305 779 312 ⁶
872 237 984 294 DE
1055 235 1234 292 ICTV
1310 232 1754 292 GLANDIVM
1821 242 1823 244 ’

464 395 557 449 ista
606 388 868 463 qua-ntitas
915 389 960 444 k.v
993 388 1166 441 maior
1211 388 1314 441 erit
1357 401 1520 456 quam
1594 388 1710 439 casu
1782 377 2161 454 praecedenteg

454 472 684 548 ideoque
730 492 870 530 nunc
917 474 1090 528 maior
1136 471 1339 542 glandis
1379 471 1617 525 celeritas
1685 471 2021 539 requiritur,
2096 481 2156 522 vt

462 580 521 620 ea
570 581 661 635 per
717 557 1153 617 totam'tabulae
1222 557 1507 612 -craffitiem
1578 568 1861 625 penetret,
1928 570 1981 607 et
2046 568 2156 623 quo

461 648 677 703 craffior
723 646 883 702 fuerit
931 642 1107 698 tabula
1138 656 1254 713 ‚vvt
1301 643 1447 712 glans
1494 654 1757 711 penetret,
1801 641 1918 692 eius
1959 639 2159 692 celeri·

461 747 542 788 tas
587 747 735 789 tanto
787 732 957 786 maior
1001 729 1146 785 debet
1190 728 1288 784 esse
1316 769 1330 798 ‚
1376 741 1544 800 quam
1587 727 1876 781 secundum
1924 725 2160 796 superio-

467 833 588 873 rem
633 815 982 873 solutionem.'
1015 816 1018 820 “
1160 833 1163 836 ’

671 981 958 1036 XXXIII.
1006 969 1151 1032 Cum
1195 989 1372 1029 autem
1419 977 1568 1043 glans
1615 993 1707 1044 per
1763 979 1996 1030 tabulam
2069 994 2162 1048 pe-

461 1065 604 1120 nitus
649 1064 1000 1133 perruperit,
1048 1077 1147 1129 pro
1193 1060 1306 1111 eius
1346 1058 1614 1112 celeritate
1660 1060 1714 1109 in
1781 1062 1983 1125 egressu
2061 1063 2161 1117 ha-

462 1151 704 1205 bebimus
749 1137 941 1230 ξιξ,
873 1165 940 1176 ’-
966 1150 1075 1199 e-²
1090 1140 1216 1216 ““(c
1240 1162 1267 1198 c
1291 1173 1341 1183 --
1370 1144 1399 1198 k
1423 1140 1516 1210 k),
1561 1156 1695 1211 quae
1739 1157 1877 1211 ergo
1926 1143 2163 1199 celeritas

463 1251 533 1305 ob
573 1246 848 1318 duplicem
893 1244 1098 1296 causam
1148 1239 1329 1293 minor
1371 1241 1473 1290 erit
1540 1255 1699 1308 quam
1771 1240 1885 1293 casu
1956 1258 2166 1312 praece·-

465 1329 665 1415 dente,
730 1347 832 1402 pro
887 1329 1070 1384 eadem
1116 1325 1317 1380 scilicet
1359 1322 1630 1378 celeritate
1672 1341 1698 1377 c
1745 1337 1862 1379 ante
1929 1327 2163 1382 collisio„

464 1438 529 1487 ne
537 1437 630 1485 m;
694 1417 877 1488 primo
944 1413 1091 1466 enim
1166 1413 1290 1482 quia
1339 1409 1383 1464 Ie
1417 1407 1589 1462 maior
1651 1411 1722 1463 est
1769 1427 1930 1480 quam
2001 1425 2120 1468 ante
2153 1453 2169 1481 ,

401 1557 409 1561 -
472 1503 740 1578 quantitas
804 1497 1073 1559 cc-kk
1142 1498 1252 1564 iam
1315 1492 1386 1550 est
1453 1491 1628 1547 multo
1715 1496 1885 1562 magis
1983 1497 2166 1552 minor

466 1605 631 1661 quam
680 1600 842 1653 ante,
896 1583 1084 1639 deinde
1129 1585 1249 1654 quia
1293 1597 1350 1634 ea
1406 1579 1616 1650 insuper
1664 1578 2061 1649 multiplicatur
2110 1583 2165 1636 in

470 1674 659 1729 e-²⁰“²
707 1671 795 1725 vel
842 1670 985 1740 quod
1031 1668 1245 1738 perinde
1289 1667 1357 1720 est
1387 1706 1401 1733 ‚
1469 1663 1730 1718 diuiditur
1775 1680 1904 1773 perd
1942 1662 2167 1737 e†²“a‚

1915 1749 1943 1773 x

468 1773 608 1830 quae
651 1754 888 1809 formula
937 1753 1114 1807 maior
1159 1753 1230 1807 est
1276 1752 1521 1821 vnitate,
1596 1747 1840 1804 celeritas
1880 1786 1941 1832 J}
1989 1747 2169 1804 multo

471 1853 645 1921 magis
689 1851 1033 1905 dimInuitur.
1144 1850 1305 1925 Quod
1350 1850 1573 1920 denique.
1621 1851 1684 1905 ad
1728 1851 1906 1920 ipsum.
1960 1849 2168 1904 tabulae

472 1952 695 1991 motum
747 1937 943 1988 attinet
971 1979 985 2004 ‚
1057 1937 1180 2006 quia
1223 1940 1336 1990 eius
1381 1936 1624 1990 celeritas
1669 1937 1779 2006 post
1851 1936 2168 2006 perforatio-

471 2038 598 2076 nem
681 2021 901 2073 inuenta
967 2021 1041 2072 est
1107 2013 1425 2103 ΞέῑῑΜ-ΡΝ
1452 2016 1579 2086 (c
1605 2012 1741 2097 —>,
1802 2029 1856 2070 et
1931 2020 2055 2086 quia
2100 2030 2165 2073 vt

470 2123 636 2178 modo
682 2119 927 2173 vidimus
968 2108 1036 2201 {A}
1078 2114 1257 2173 multo
1300 2112 1483 2165 minus
1528 2113 1601 2166 est
1647 2127 1810 2182 quam
1858 2114 1973 2166 casu
2015 2132 2169 2186 prae·

472 2220 687 2274 cedente
717 2257 733 2284 ‚
801 2230 941 2269 nunc
988 2215 1087 2288 ipfi
1135 2210 1336 2267 tabulae
1385 2210 1568 2264 multo
1614 2209 1786 2264 maior
1837 2225 2018 2265 motus
2062 2214 2172 2265 im-

474 2307 750 2377 primetur
781 2345 795 2371 ,
860 2319 1020 2372 quam
1071 2300 1188 2356 casu
1237 2297 1574 2369 praecedente
1602 2335 1617 2361 ,
1685 2307 1843 2368 atque
1887 2298 1955 2351 ob
2033 2296 2170 2352 hanc

472 2389 746 2443 rationem
809 2387 1056 2443 celeritas
1119 2385 1325 2456 glandis
1391 2380 1502 2453 post
1566 2381 1736 2434 ictum
1788 2423 1803 2451 ‚
1886 2398 2019 2453 quae
2095 2382 2170 2438 est

472 2462 717 2556 ‘'xxa-2
782 2470 908 2525 hinc
976 2469 1388 2543 aliquantillum
1432 2465 1755 2543 augebitur,
1814 2468 2047 2525 'interim
2092 2480 2172 2522 ta-

481 2586 606 2625 men
652 2569 776 2641 quia
819 2585 887 2624 ex
927 2569 1164 2625 formula
1214 2567 1387 2622 nostra
1431 2560 1536 2614 fit:

2051 2842 2175 2888 ‚et
