2402 3329
543 192 571 246 5
591 198 611 232 ι
629 201 659 235 2
989 171 1446 242 DESCRIPTIO
1512 172 1733 238 PISCIS
1749 220 1765 247 ‚

738 329 919 401 Hepar
966 330 1020 383 in
1076 332 1325 401 suprema
1383 329 1678 384 abdominis
1746 338 1891 400 parte
1956 336 2227 383 transuer-

536 412 640 467 fim
706 413 914 480 fitam,
983 415 1272 469 indiuisum
1343 431 1399 469 ac
1469 428 1578 468 tota
1624 417 1812 468 dextra
1862 426 2004 484 parte
2055 416 2230 468 subtus

534 513 854 554 concauam.
966 499 1214 554 Veficula
1278 500 1418 554 fellis
1487 501 1604 553 satis
1666 500 1886 569 ampla,
1932 500 1987 551 in
2037 498 2259 553 dextro
2339 503 2342 505 *

536 584 711 650 magis
758 581 918 638 latere
947 624 961 649 ,
1031 601 1196 654 quam
1241 583 1295 637 in
1370 585 1547 638 medio
1577 594 1603 652 ,⁴
1660 584 1919 637 collocata
1949 625 1963 650 ‚
2033 582 2231 652 pyloro

533 666 621 720 seu
671 669 849 739 potius
924 670 1156 723 duodeni
1227 671 1537 739 principi0‚
1606 668 1939 739 laniumque
2013 670 2230 722 dextrae
2306 669 2322 683 ⁸

537 750 682 805 flauo
725 754 845 807 bilis
891 752 1071 808 colore
1121 754 1315 809 tinstae
1342 793 1359 821 ,
1405 754 1658 822 contigua
1690 794 1705 820 ‚
1749 752 1862 805 6m
1908 752 2230 828 longa,4'5‘'‘

535 837 638 891 lata
673 877 686 900 ‚
735 837 936 905 figurae
983 837 1158 890 oualis
1190 877 1205 903 ,
1262 839 1461 906 pariter
1489 878 1503 903 ,
1558 854 1631 911 ⁴ac
1673 838 1804 890 illud
1834 875 1851 902 ,
1921 838 2228 891 transuersa.

541 917 756 972 Durstus
823 918 1188 971 choledochus
1259 933 1329 969 ex
1401 919 1601 971 sinistra
1652 920 1831 989 *huius
1886 924 2231 975 extremitate

534 1001 628 1053 sub
672 1000 871 1069 angulo
916 1013 1073 1053 acuto
1118 1013 1268 1052 ortus
1297 1037 1312 1063 ‚
1375 1001 1491 1051 satis
1533 1016 1704 1068 capax
1733 1042 1747 1067 ,
1814 1016 1872 1053 ac
1919 1005 2057 1058 inter
2103 1005 2233 1058 fini-

538 1085 698 1138 stram
748 1083 954 1154 hepatis
1000 1094 1208 1154 partem
1256 1095 1309 1136 et
1350 1085 1662 1156 appendices
1728 1083 1915 1158 pylori
1982 1088 2234 1156 posterio-

539 1183 620 1222 res
665 1160 971 1224 decurrens,
1886 1167 1891 1171 ’

742 1342 1003 1416 Separata.
1035 1344 1188 1401 omni
1236 1344 1296 1398 ab
1336 1340 1637 1414 oesophago
1681 1353 1737 1396 et
1784 1341 2090 1398 ventriculo
2116 1335 2237 1414 pinss

540 1427 807 1497 guedine,
879 1432 1119 1503 comperi
1151 1470 1165 1497 ,
1235 1429 1394 1483 istum
1464 1431 1530 1481 ad
1588 1428 1745 1481 huius
1789 1430 2009 1480 fundum
2059 1432 2237 1483 iucur-

540 1513 700 1578 vari,
749 1516 1031 1587 eidemque
1079 1517 1167 1569 sub
1210 1513 1408 1581 angulo
1452 1513 1603 1568 valde
1651 1527 1809 1567 acuto
1851 1515 2049 1583 iungi,
2119 1514 2191 1567 ita
2222 1553 2238 1580 ,

541 1608 605 1648 vt
651 1595 816 1651 situm
868 1601 1008 1653 inter
1054 1602 1103 1652 se
1148 1598 1398 1652 haberent
1448 1600 1552 1654 fere
1614 1597 1952 1669 parallelum.
2077 1599 2237 1652 Oeso-

540 1679 707 1750 phagi
779 1682 1038 1752 collapsi,
1110 1684 1496 1750 teneriorisque
1566 1683 1871 1736 {ubstantiae
1909 1721 1923 1746 ,
1994 1682 2235 1734 maxima

544 1763 776 1818 latitudo
822 1768 875 1819 in
922 1766 1162 1820 distantia
1220 1781 1290 1821 10
1335 1765 1428 1818 lin.
1472 1766 1533 1818 ab
1601 1766 1850 1819 inferiore
1918 1762 2080 1836 ipsius
2146 1779 2236 1816 ex-

545 1847 820 1902 tremitate
868 1862 903 1914 7
946 1850 1038 1904 liu.
1107 1854 1403 1921 aequabat3
1470 1849 1577 1920 ipse
1650 1863 1828 1902 autem
1895 1847 2237 1901 ventriculus

544 1941 683 1984 teres
717 1972 732 1999 ,
774 1949 832 1985 ac
874 1931 1173 2004 oesophago
1200 1977 1215 2000 ‚
1262 1934 1300 1985 fi
1345 1934 1569 1986 fundum
1617 1935 1921 1986 tenuiorem
1970 1935 2236 2002 excipiaS,

542 2012 706 2082 longe
748 2017 1012 2082 solidior,
1069 2033 1093 2066 1
1148 2013 1278 2084 poll.
1331 2030 1364 2078 7
1414 2015 1509 2067 lin.
1556 2014 1750 2080 longus
1784 2054 1799 2079 ,
1844 2029 1871 2077 5
1928 2013 2018 2069 lin.
2069 2016 2235 2084 latuS,

543 2098 788 2153 craffitiei
836 2105 939 2154 fere
986 2098 1183 2169 vbique
1227 2098 1456 2168 aequalis
1487 2140 1501 2166 ‚
1573 2112 1633 2151 ac
1680 2097 1770 2151 sub
1809 2098 2102 2152 direffione
2150 2117 2237 2169 pa-

543 2199 673 2236 rum
722 2184 934 2256 obliqua
981 2187 1036 2238 iu
1087 2183 1354 2254 pylorum
1403 2182 1597 2236 leuiter
1649 2182 1971 2236 contrafius.
2085 2183 2240 2238 Duo-

547 2270 744 2322 denum
776 2309 789 2332 ‚
859 2270 1158 2323 substantiae
1221 2270 1545 2334 tenerioris,
1611 2268 1880 2338 principio
1928 2269 2075 2320 tenui
2125 2270 2241 2341 pri-

547 2370 703 2407 mum
775 2366 826 2405 et
895 2366 1116 2408 arcuato
1179 2370 1249 2406 ex
1318 2353 1513 2425 pyloro
1583 2364 1813 2420 ortum,
1875 2351 2063 2404 senfim
2110 2371 2240 2410 vero

546 2438 849 2507 sensimque
896 2436 1131 2510 amplius
1176 2439 1373 2493 fastum
1418 2433 1766 2505 diaphragma
1840 2437 2019 2490 versus
2087 2438 2240 2493 refle-

548 2524 787 2579 ‹stebatur
815 2563 829 2589 ‚
900 2525 962 2577 ad
1038 2522 1171 2577 duos
1215 2522 1431 2594 pollices
1470 2522 1588 2576 suae
1634 2520 1988 2589 longitudinis
2036 2540 2196 2594 vsque
2227 2567 2242 2595 ,

549 2608 926 2677 appendicibus
998 2606 1478 2671 numerosrffimiS,
1544 2605 1765 2658 inferius
1842 2609 2243 2678 circumcirca,

549 2690 790 2760 supe-rius
836 2691 989 2746 alteri
1036 2704 1249 2745 tantum
1301 2689 1462 2759 ipfius
1507 2686 1661 2742 lateri
1706 2693 1939 2761 appensis
2001 2696 2235 2753 andrum.

551 2772 867 2828 Numerum
914 2791 1096 2830 earum
1155 2790 1269 2839 219
1316 2772 1462 2827 fuisse
1525 2779 1808 2848 comperi,
1878 2781 2238 2846 omniumque

2067 2858 2236 2920 oscula
