2402 3329
629 193 1394 257 ANAToMICAE.
1735 221 1852 277 saa

177 357 299 420 dem
340 354 584 406 naturam
633 349 1056 404 membranosam
1102 351 1379 421 induunt,
1444 363 1497 407 et
1563 354 1625 409 ad
1695 357 1854 425 vagi-

175 456 293 500 nam
342 433 559 489 humeri
604 434 1026 490 constituendam
1070 450 1414 506 concurrunt.
1527 439 1679 511 Quae
1721 457 1853 501 vero

172 526 232 591 ab
270 518 381 589 ipso
424 519 662 574 acromio
704 521 984 573 nascuntur
1017 560 1033 588 ,
1081 521 1225 576 ‘illae
1270 523 1516 576 maxime
1561 540 1692 577 cum
1738 528 1802 581 iis
1833 565 1850 595 ,

170 621 300 680 quae
341 621 370 658 a
412 617 559 674 parte
601 604 769 658 baseos
809 606 1164 676 supraspinata
1208 620 1393 661 ortum
1437 610 1740 678 duxerant,
1790 601 1851 665 in¹

160 690 363 760 spinam
409 688 525 742 offis
567 687 785 743 humeri
829 690 1099 744 transeunt
1127 731 1143 761 ‚
1188 691 1488 756 nonnullae
1525 707 1708 748 tamen
1750 710 1848 748 ea-

158 772 287 827 'rum
333 773 529 841 itidem·
570 775 626 828 in
697 775 1077 829 membranam
1142 776 1362 849 oblique
1424 779 1634 840 abeunt.
1758 778 1846 833 Sic

155 857 331 927 igitur
395 859 751 930 complicatus
818 858 907 913 iste
980 852 1312 932 musculu5‚'
1365 862 1511 917 miffa
1580 862 1843 918 fibrarum

153 945 366 998 suarum
413 943 590 1016 aliqua
638 956 786 1016 parte
832 946 888 998 in
933 945 1136 1017 spinam
1181 947 1298 1006 offis
1372 946 1635 1019 humeri,
1707 948 1848 1003 reli-

151 1030 319 1099 quis',
363 1030 534 1100 iisque
582 1028 830 1100 plurimis
857 1068 873 1097 ‚
918 1031 1171 1100 producit
1217 1032 1585 1087 membranam
1633 1031 1847 1088 fortiffi-

152 1125 343 1183 mam,
385 1114 581 1169 lineam
610 1155 626 1182 ‚
700 1126 794 1167 aut
840 1113 959 1183 plus
1003 1129 1061 1168 ea
1108 1114 1322 1170 crassam
1357 1158 1373 1183 ‚
1438 1132 1507 1169 ex
1551 1115 1697 1171 fibris
1740 1119 1843 1174 du·

149 1197 366 1253 rissimis
394 1240 409 1266 ,
464 1197 985 1268 longitudinalibus‚
1031 1199 1466 1277 transuersalibus
1510 1214 1566 1255 et
1607 1201 1841 1273 obliquis

147 1282 521 1354 compositam--
613 1278 1050 1350 Longitudinales
1092 1283 1243 1335 enim
1294 1299 1320 1336 a
1372 1283 1516 1339 fibris
1562 1285 1834 1356 musculi,
1856 1274 2123 1328 Membrana

120 1362 318 1435 spinae
365 1363 599 1435 scapulae
643 1364 1047 1420 adhaerentibus
1074 1408 1090 1435 ,
1136 1370 1508 1438 producuntur
1535 1408 1552 1436 ,
1611 1363 1835 1443 indeque
1805 1358 2107 1464 εζυξὶὲἶζῶ

140 1452 297 1521 ssiper
344 1450 611 1507 mulculos
653 1466 912 1505 anconeos
959 1467 1223 1522 magnum
1288 1468 1345 1510 et
1408 1467 1702 1509 externum
1769 1459 1835 1515 ad

140 1536 427 1604 regionem
458 1535 706 1590 -olecrani
749 1536 887 1590 reeta
931 1536 1292 1609 descendunt,
1352 1555 1545 1612 eosque
1615 1544 1836 1596 muscu-

143 1618 226 1675 los
268 1632 578 1692 contegunt.
682 1621 1075 1676 Transueriales
1117 1622 1265 1678 fibris
1311 1625 1695 1680 muscularibus
1734 1628 1833 1682 de-

138 1702 332 1759 bentur
367 1747 382 1775 ,
447 1722 581 1781 quae
645 1723 675 1761 a
739 1717 888 1777 parte
955 1706 1125 1762 baseos
1191 1708 1428 1779 scapulae
1497 1700 1830 1782 infraspinata

138 1792 408 1848 oriuntur.
524 1792 637 1845 Hae
682 1795 838 1862 super
885 1792 1153 1847 musculos
1193 1808 1452 1860 anconeos
1496 1794 1558 1848 ad
1604 1795 1832 1857 interius

139 1869 278 1927 latus
343 1875 562 1933 humeri
616 1878 981 1949 perueniunt,
1045 1870 1337 1950 totumque
1379 1877 1663 1936 brachium
1715 1880 1831 1940 cir-

138 1958 406 2015 cumdant.
536 1959 785 2031 Denique
851 1957 1093 2030 obliquae
1159 1980 1187 2014 a
1233 1975 1382 2031 parte
1425 1964 1597 2018 baseos
1639 1967 1828 2034 supra-

136 2036 338 2106 spinata
374 2055 425 2097 et
468 2045 528 2110 ab
571 2044 810 2094 acromio
855 2042 1096 2093 maxime
1144 2045 1470 2111 proueniunt
1531 2056 1589 2097 et
1645 2048 1826 2100 versus

140 2121 404 2177 flexuram
445 2124 614 2179 cubiti
665 2122 907 2177 tendunt.
994 2124 1136 2178 Haec
1181 2126 1491 2190 membrana
1539 2143 1688 2184 nunc
1730 2147 1827 2192 va,-

141 2208 326 2275 ginam
391 2206 666 2261 constituit
706 2247 723 2273 ‚
803 2223 906 2277 qua
966 2225 1155 2265 omnes
1217 2212 1280 2266 ad
1345 2210 1644 2267 humerum
1736 2213 1823 2285 (iti

141 2289 367 2344 musculi
392 2325 426 2358 η,
503 2291 746 2354 maxime
812 2302 991 2345 tamen
1054 2296 1274 2348 anconei
1340 2285 1693 2353 includuntur
1761 2311 1817 2353 et

139 2377 500 2437 continent-ur,
630 2373 777 2430 Nam
843 2390 978 2446 quae
1037 2377 1099 2431 ad
1146 2377 1377 2433 interius
1424 2381 1625 2436 brachii
1674 2381 1818 2437 latus

137 2460 455 2531 pertingunt
481 2499 496 2528 ‚
538 2461 764 2517 rariores
807 2472 1019 2515 tantum
1060 2474 1116 2518 et
1161 2454 1436 2520 debiliores
1475 2467 1634 2522 fibrae
1678 2468 1814 2526 sunt.

138 2544 205 2598 In
256 2558 397 2615 parte
437 2546 694 2601 exteriori
737 2561 870 2602 vero
932 2547 1319 2618 copiofiffimae
1386 2561 1441 2604 et
1504 2552 1808 2607 duriffimae
1831 2573 2012 2635 vagina„

140 2629 299 2683 fibrae
347 2630 703 2688 membranam
746 2631 993 2688 efficiunt
1040 2631 1401 2688 firmiffimam
1447 2648 1501 2692 et
1553 2636 1808 2691 validissi-

136 2730 304 2769 mam.
433 2715 677 2790 Denique
744 2721 1053 2788 membrana
1119 2720 1439 2779 terminatur
1515 2721 1763 2781 deorsum
1790 2765 1808 2800 ‚

893 2805 1076 2862 Xxx
1122 2820 1154 2871 3
1668 2806 1804 2862 dum
