2402 3329
335 252 793 317 DESCRIPTIO
839 254 1167 314 CYPRINI
1215 253 1486 316 RVTILI
1530 273 1628 316 etc.
1721 275 1838 331 495

164 411 326 466 finem
374 423 532 479 Vsque
577 397 816 477 procedit
846 448 860 474 ,
905 409 1091 478 viaque
1161 408 1373 461 tandem
1438 407 1706 462 rec'iilinea
1777 409 1841 463 ad

162 496 350 550 caudae
389 494 602 563 pinnam
649 493 911 546 excurrit.
962 492 1194 546 Dorsum
1239 492 1300 545 ab
1346 493 1511 545 initio
1558 492 1727 547 latum
1784 509 1841 546 ac

157 594 459 632 *connexum
490 619 504 644 ,
546 578 766 648 pinnam
814 577 961 631 suam
1010 579 1227 646 versus,
1299 577 1386 630 sub
1452 578 1601 630 ancia
1673 581 1844 645 magis

155 664 490 716 conuexitate
519 700 534 726 ,
578 660 764 716 sensim
812 661 866 713 in
923 663 1187 731 angustius
1255 662 1593 715 contrahitur
1622 702 1636 727 ,
1700 677 1836 730 pone

154 745 284 799 hanc
328 762 457 800 vero
520 747 696 800 denuo
761 745 1004 814 latescit,
1077 750 1148 800 ita
1214 746 1481 818 quidem,
1547 758 1609 799 vt
1678 743 1841 814 ipfius

156 831 383 884 latitudo
426 830 485 883 ad
532 833 724 885 caudae
772 833 997 903 pinnam
1049 847 1215 902 Vsque
1282 830 1469 886 sensim
1542 829 1838 900 sensimque

150 916 411 969 decrescat
439 957 451 980 ‚
493 919 801 970 conuexitas
844 930 1019 969 autem
1070 917 1352 969 mediocris
1394 932 1452 968 ac
1521 913 1609 966 fibi
1679 917 1830 969 vndi-

151 1016 253 1070 que
296 997 526 1068 aequalis
571 999 651 1052 sit.
742 1001 1022 1051 Abdomen
1092 999 1226 1050 infra
1295 1000 1482 1067 pinnas
1544 997 1838 1064 pediorales

149 1102 212 1138 ac
260 1085 397 1135 inter
440 1084 621 1152 pinnas
669 1081 930 1135 ventrales
979 1093 1033 1135 et
1077 1097 1243 1133 anum
1282 1096 1468 1149 parum
1494 1082 1833 1137 contrastum

151 1184 211 1221 ac
260 1168 691 1239 subconuexum‚
737 1180 855 1220 ante
885 1166 1070 1236 pinnas
1097 1165 1358 1218 ventrales
1403 1164 1642 1233 planum,
1695 1166 1835 1219 inter

153 1244 347 1323 pinnae
392 1253 478 1303 ani
524 1249 690 1302 finem
736 1266 868 1304 vero
915 1249 1211 1318 pinnaeque
1250 1250 1444 1303 caudae
1491 1251 1831 1323 principium

150 1340 325 1391 denuo
379 1334 784 1386 subconuexum.

340 1441 507 1498 Color
550 1442 715 1507 totius
755 1442 991 1512 corporis
1036 1457 1306 1510 argenteus
1332 1485 1351 1511 ,
1417 1444 1613 1514 pallide
1664 1461 1828 1500 aureo

147 1529 393 1596 mixtu53
441 1527 654 1581 dorsum
701 1525 911 1594 quidem
945 1570 959 1594 ‚
1026 1545 1126 1598 pro
1172 1529 1324 1582 varia
1370 1530 1434 1583 ad
1476 1531 1830 1601 spe&atorem

143 1611 470 1678 direc'tione,
538 1607 626 1663 vel
690 1624 945 1677 argenteo
1005 1628 1281 1681 aureum,
1353 1614 1442 1669 vel
1510 1615 1827 1669 subfuscum.

140 1695 243 1750 Iris
281 1696 571 1749 oculorum
618 1711 689 1749 ex
730 1709 987 1764 argenteo
1021 1698 1303 1765 deaurata,
1347 1702 1569 1771 superne
1615 1700 1830 1753 macula

141 1781 451 1849 nigricante,
488 1797 522 1833 a
566 1778 816 1834 lateribus
857 1794 1038 1836 autem
1087 1785 1295 1853 punffis
1341 1777 1601 1837 similibus
1629 1795 1824 1840 notata,

138 1863 326 1918 Latera
370 1865 563 1937 capitis
608 1866 663 1918 in
702 1882 932 1920 :aureum
982 1871 1153 1936 magis
1195 1881 1463 1936 vergunt,
1506 1883 1668 1939 quam
1717 1867 1826 1939 ipse
1902 1885 1922 1887 ⁴*

144 1959 374 2004 truncuS.
501 1950 669 2004 Prona
710 1952 899 2021 capitis
968 1955 1121 2018 regio
1188 1953 1430 2006 subfusca.
1540 1946 1825 2006 Abdomen

141 2028 337 2100 pallide
401 2047 674 2086 carneum.
808 2034 1004 2083 Pinnae
1081 2033 1373 2100 pestorales
1445 2033 1779 2087 subcinereae
1807 2073 1825 2100 ‚

141 2112 454 2182 pauciffimo
498 2116 659 2166 rubro
698 2109 876 2166 colore
914 2113 1182 2166 admixto.
1269 2115 1434 2168 Pinna
1476 2116 1616 2169 dorsi
1673 2118 1821 2172 cine-

144 2212 303 2253 racea.
352 2195 547 2249 Pinnae
593 2194 851 2250 venti-ales
889 2212 960 2249 ex
1002 2196 1291 2265 sanguineo
1336 2202 1818 2271 purpurascente53

143 2281 433 2350 eodemque
476 2279 650 2333 coiere
692 2282 854 2332 etiam
922 2282 1011 2334 ani
1074 2295 1131 2336 ¹et
1194 2283 1388 2337 caudae
1457 2285 1660 2356 pinna,
1730 2287 1817 2342 sed

143 2365 324 2417 minus
372 2363 598 2418 saturato
624 2404 638 2431 ‚
679 2365 843 2420 tinc'ta
887 2366 973 2421 est.

338 2470 504 2524 Prona
546 2472 727 2544 capitis
770 2470 1071 2543 superficies
1125 2473 1448 2530 subconuexa
1474 2519 1488 2545 ‚
1558 2475 1816 2544 glaberri-

139 2569 227 2607 ma
267 2554 452 2626 absque
497 2558 648 2610 omni
691 2558 864 2612 carina
906 2559 1191 2613 eminente.
1279 2559 1453 2616 Nares
1492 2560 1726 2633 amplae.

334 2677 614 2750 squamae*
648 2685 867 2753 magnae
896 2727 910 2753 ,
986 2686 1193 2740 striatae
1220 2729 1238 2755 7
1303 2687 1806 2760 subquadrangulae.

138 2763 416 2819 Maximae
459 2770 705 2822 omnium
750 2771 804 2823 in
851 2773 1027 2827 trunci
1072 2773 1177 2824 fere
1224 2775 1403 2827 medio
1457 2774 1518 2828 ad
1587 2779 1824 2831 vtrum-‘

136 2863 241 2920 que
286 2847 417 2903 latus
444 2890 459 2918 ‚
502 2848 614 2903 6m
655 2850 809 2925 latae,
860 2850 988 2919 630‘
1036 2855 1225 2928 longae
1254 2897 1271 2928 ,
1336 2863 1578 2930 margine
1621 2862 1808 2915 antico

152 2965 154 2967 ,
1694 2945 1804 3001 siue
