2402 3329
225 812 385 858 Flexor
415 831 489 860 cu-

226 877 304 923 biti
335 878 489 943 pesto-

227 945 340 991 ralis.

230 1009 318 1073 (fig-
363 1028 403 1057 1·
419 1015 485 1074 g)

225 2056 337 2102 Vsus
378 2058 490 2103 eius·
518 2090 525 2098 ι

230 2122 346 2169 dem.

518 209 636 269 526
893 197 1808 260 OBSERVATIONES

512 371 634 408 nem
709 354 977 423 perduci,
1040 371 1150 423 quo
1213 371 1276 408 eo
1343 350 1512 420 magis
1581 349 1860 420 efficitur,
1926 362 1989 406 vt
2031 345 2197 407 'actio

508 438 760 493 ercc‘toris
803 441 1026 493 ceruicis
1069 455 1199 494 cum
1260 440 1462 493 actione
1534 438 1754 490 anconei
1853 437 2030 507 magni
2104 454 2197 491 ne-

508 526 722 578 cessario
759 524 1038 579 coniuncta
1066 526 1146 580 fit.
1193 525 1275 580 Sic
1302 540 1413 576 vno
1440 522 1609 590 igitur
1633 522 1931 594 eodemque
1959 537 2199 576 momen-

516 623 572 664 to
616 623 669 663 et
717 613 903 664 eadem
950 611 1157 664 actione
1199 626 1303 682 qua
1349 609 1532 681 praeda
1576 609 1806 677 capitur,
1850 610 2029 662 eadem
2067 622 2196 678 quo·-

513 711 613 766 que
657 695 1049 754 dilacerabitur.

708 821 994 876 Masculus
1033 861 1048 886 ‚
1117 837 1277 890 quem
1347 821 1656 877 incumbere
1720 818 1831 873 dixi
1904 817 2203 891 pectorali,

511 903 681 958 flexor
724 907 888 959 cubiti
935 905 1216 972 pectoralis
1245 944 1260 969 ,
1324 908 1596 974 originem
1641 907 1790 960 ducit
1835 920 1862 956 a
1908 904 2205 974 ligamento

515 989 781 1041 manubrii
830 987 1030 1052 sterni,
1102 1001 1269 1054 porro
1311 1003 1338 1037 a
1386 988 1672 1040 manubrio
1717 991 1830 1058 ipso
1875 1001 1928 1041 et
1972 1006 2000 1041 a
2057 1001 2204 1061 parte

507 1070 711 1125 laterali
783 1070 992 1134 sterni,
1058 1071 1145 1121 cui
1214 1069 1390 1138 prima
1447 1082 1498 1121 et
1544 1071 1766 1124 secunda
1813 1073 1946 1123 costa
1991 1076 2205 1141 respon-

508 1156 649 1209 dent.
763 1156 999 1220 Oritur,
1066 1167 1128 1206 vt
1198 1155 1366 1207 solent
1426 1155 1695 1221 musculi,
1769 1171 1795 1206 a
1843 1155 1996 1225 sterni
2043 1144 2206 1211 latere

511 1242 662 1311 orti,
734 1240 879 1294 fibris
950 1237 1206 1294 tendineis
1273 1239 1594 1294 breuiffimis
1638 1241 1849 1311 abitque
1893 1240 1946 1291 in
1993 1241 2207 1294 muscu-

513 1326 633 1379 lum
677 1326 905 1395 planum
953 1327 1047 1396 qui
1093 1322 1238 1376 fibris
1288 1323 1509 1393 longi5‚
1578 1325 1762 1381 senfin]
1831 1326 2209 1394 conuergemi-

508 1411 600 1465 bus
639 1412 699 1464 ad
746 1411 883 1464 latus
933 1409 1169 1464 thoracis
1215 1410 1370 1481 super
1435 1411 1666 1465 mediam
1744 1411 2053 1482 portionem
2116 1427 2208 1482 pe-

511 1496 724 1550 ctoralis
772 1495 952 1549 versus
997 1493 1276 1548 brachium
1323 1497 1556 1549 decurrit
1589 1537 1603 1562 ‚
1645 1509 1698 1550 et
1743 1499 1796 1549 in
1846 1495 2061 1562 regione
2108 1494 2208 1550 fle'-

510 1596 674 1635 xurae
725 1582 892 1634 cubiti
941 1582 1156 1635 tandem
1205 1582 1478 1634 tendiuem
1528 1582 1778 1651 producit
1845 1582 2061 1634 breuem
2131 1593 2208 1633 te-

511 1678 726 1734 retem,
789 1681 898 1735 quo
966 1680 1093 1717 cum
1163 1660 1330 1717 simili
1399 1665 1615 1717 tendine
1688 1665 1907 1719 flexoris
1953 1663 2207 1719 deltoidei

513 1750 859 1817 coniungitur
899 1760 953 1800 et
994 1749 1057 1799 'in
1101 1747 1289 1799 faciem
1362 1749 1684 1800 anteriorem
1754 1750 1884 1802 radii
1955 1747 2206 1799 inseritur

511 1831 575 1884 ad
618 1831 880 1900 angulum
917 1871 932 1898 ,
969 1830 1254 1890 semirecm
1301 1831 1584 1886 maiorem.
1619 1896 1624 1902 ¹
1701 1831 1837 1883 Vsus
1877 1831 1948 1885 est
1991 1828 2204 1885 flectere

514 1917 922 1971 antibrachium.

717 2043 779 2097 In
834 2037 1064 2091 homine
1137 2036 1318 2092 nullus
1391 2035 1664 2088 musculus
1731 2037 2042 2106 reperitur,
2111 2039 2204 2108 qui

512 2137 664 2180 ortus
712 2144 735 2178 a
785 2123 998 2178 thorace
1043 2125 1105 2176 ad
1151 2123 1394 2178 cubitum
1445 2134 1611 2189 vsque
1687 2122 2030 2190 pertingeret.
2142 2124 2207 2177 ln

511 2211 788 2283 scapulum
839 2211 1150 2275 transeunt,
1196 2224 1254 2262 os
1302 2206 1511 2260 thoraci
1556 2207 1881 2273 proximum
1912 2244 1929 2274 ,
1984 2209 2077 2277 qui
2124 2209 2206 2263 in-

511 2298 575 2352 de
643 2298 946 2360 oriuntur,
1009 2293 1100 2346 vel
1169 2293 1345 2348 saltim
1411 2288 1813 2346 adnumerum
1865 2295 2204 2363 perueniunt.

514 2381 776 2436 Cubitum
825 2379 1000 2433 nullus
1049 2395 1237 2433 eorum
1283 2376 1518 2444 attingit.
1609 2375 1720 2447 Qui
1767 2391 1952 2433 autem
2003 2379 2054 2432 in
2106 2395 2205 2432 cu-

511 2468 685 2521 bitum
736 2467 1086 2533 inseruntur‚
1154 2465 1247 2519 vel
1304 2463 1366 2515 ab
1433 2461 1709 2530 humere),
1775 2465 1878 2517 offe
1951 2465 2207 2535 proxime

514 2553 899 2624 praecedente,
970 2548 1057 2606 vel
1125 2544 1427 2618 a·scapula
1494 2544 1670 2599 saltim
1739 2563 1925 2602 ortum
1999 2563 2203 2621 petunt»

513 2638 611 2693 Sed
657 2638 806 2693 facile
852 2649 1026 2708 patet,
1072 2634 1204 2705 quid
1250 2627 1503 2699 singulari
1552 2630 1645 2684 hac
1689 2635 1872 2689 fabrica
1920 2637 2201 2690 efficiatur.

514 2724 622 2796 Qui
672 2723 943 2789 musculi,
1010 2720 1094 2773 vti
1140 2718 1361 2774 flexores
1409 2715 1466 2769 in
1512 2714 1772 2788 homine,
1839 2718 1928 2775 vel
1972 2721 2032 2774 ab
2098 2720 2202 2774 osse

514 2806 734 2862 humeri
774 2806 890 2861 wel
952 2822 980 2859 a
1049 2803 1291 2871 margine
1355 2802 1605 2859 cauitatis
1669 2803 1978 2870 glenoideae
2021 2817 2074 2861 et
2141 2807 2203 2859 ab

2070 2904 2199 2957 apo-
