2402 3329
480 208 603 270 210
788 194 903 264 DE
943 196 1218 266 CVRVA
1263 197 1848 267 RECTIFICABILI

480 373 547 419 vt
593 358 721 415 haec
766 373 927 416 curua
974 362 1142 416 etiam
1189 358 1607 434 epicycloidibus
1648 356 1930 434 sphaericis
1975 356 2041 414 fit
2084 372 2173 413 an-

479 451 833 513 numeranda,
881 461 1015 517 quae
1065 445 1258 502 scilicet
1298 448 1582 512 oriuntur,
1629 445 1669 498 fi
1721 443 1958 500 circulus
2001 444 2178 499 maxi-

480 549 605 590 mus
672 531 884 584 mobilis
946 544 1040 599 per
1102 528 1470 601 peripheriam
1537 529 1731 584 circuli
1800 532 2025 585 minoris
2074 528 2176 584 fixi

480 614 755 672 voluendo
803 625 1173 685 promouetur.

686 699 909 753 XXVI.
960 697 1017 753 Si
1062 697 1231 752 etiam
1277 698 1333 754 in
1378 696 1653 770 superficie
1678 696 1974 770 sphaerica,
2026 714 2181 770 prae-

484 797 572 843 ter
617 783 850 839 circulos
900 781 1078 838 nullae
1128 784 1260 840 aliae
1306 784 1560 838 darentur
1618 799 1818 838 curu-ae
1885 771 2186 853 geometri-

484 887 577 927 cae
605 911 621 939 ,
693 884 928 942 quarum
991 869 1216 925 cuilibet
1280 871 1421 925 arcui
1468 867 1748 923 indefinito
1792 886 1944 923 arcus
1987 868 2183 926 circuli

484 956 722 1026 aequalis
766 953 1004 1019 affignari
1049 955 1255 1020 poffet,
1318 955 1460 1023 quod
1503 954 1812 1007 Theorema
1858 955 2017 1009 initio
2082 963 2183 1023 pro

484 1038 678 1108 figuris
725 1037 895 1107 plams
935 1035 1223 1087 attulimus
1251 1075 1265 1102 ,
1311 1047 1432 1087 tum
1479 1036 1983 1089 demonstratIOnem
2031 1037 2188 1089 habe-

483 1136 670 1177 remus
737 1119 973 1173 validam
1035 1120 1175 1190 quod
1247 1131 1454 1191 praeter
1524 1133 1712 1175 curuas
1777 1119 1886 1172 iam
1945 1120 2190 1174 inuentas

481 1207 666 1264 nullae
709 1204 843 1259 aliae
888 1195 1207 1276 problemati
1253 1205 1430 1258 nostro
1486 1204 1805 1258 satisfaciant.
1940 1204 1996 1261 Si
2066 1204 2188 1277 quis

481 1295 630 1350 enim
679 1290 819 1345 dicat
867 1290 980 1346 dari
1033 1289 1197 1343 aliam
1243 1290 1509 1359 quandam
1561 1304 1785 1343 curnam
1834 1287 1881 1342 B
1911 1289 1980 1343 M
2049 1306 2190 1361 geo-

482 1376 772 1433 metricam
803 1415 819 1442 ,
889 1390 1028 1445 quae
1072 1373 1207 1428 effet-
1242 1373 1605 1429 testificabilis
1636 1417 1651 1445 ,
1719 1387 1840 1429 tum
1888 1389 2029 1429 certe
2075 1378 2191 1430 eius

484 1463 706 1520 radium
749 1457 913 1516 osculi
962 1457 1033 1512 M
1062 1459 1114 1513 O
1158 1460 1382 1532 ideoque
1425 1460 1611 1514 omnia
1657 1461 1850 1532 puncta
1915 1455 1971 1514 O
2043 1476 2185 1529 geo-

486 1549 713 1602 metrice
758 1546 1013 1615 affignare
1058 1544 1289 1614 liceret,
1358 1545 1497 1600 vnde
1563 1546 1670 1619 ipsa
1735 1561 1898 1599 curua
1960 1544 2188 1603 euoluta

486 1633 614 1691 Co
679 1630 960 1687 resultaret
1028 1633 1352 1701 geometrica
1420 1631 1640 1702 eiusque
1706 1632 1862 1687 arcui
1907 1628 2195 1688 indefinito

487 1716 617 1773 CO
659 1718 873 1771 daretur
917 1730 1071 1768 arcus
1114 1717 1302 1771 circuli
1347 1715 1577 1787 aequalis
1649 1717 1702 1772 Ο
1729 1717 1824 1786 Μ,
1892 1732 1988 1788 per
2054 1714 2194 1773 illud

495 1817 630 1870 ergo
677 1800 990 1855 Theorema
1032 1815 1203 1854 curua
1247 1801 1293 1855 C
1322 1797 1377 1854 O
1424 1801 1708 1855 necessario
1752 1805 1892 1855 foret
1935 1799 2192 1867 circulus,

487 1886 718 1957 ideoque
765 1896 976 1956 praeter
1020 1882 1348 1938 solutionem
1393 1883 1503 1936 iam
1550 1883 1825 1937 inuentam
1868 1881 1980 1935 alia
2035 1880 2188 1936 nulla

490 1971 784 2044 exspeetari
826 1969 1006 2039 postet.

695 2051 954 2108 XXVI-I.
1031 2051 1240 2104 Verum
1289 2048 1499 2102 etiamfi
1547 2049 1678 2103 istud
1721 2048 2029 2104 Theorema
2089 2066 2188 2121 pro

489 2138 686 2207 figuris
730 2134 901 2208 planis
946 2135 1175 2207 perfecie
1217 2131 1342 2185 effet
1381 2132 1801 2184 demonstratum
1829 2173 1844 2200 ,
1908 2146 2087 2188 tamen
2133 2135 2190 2188 in

489 2221 768 2295 superficie
813 2220 1078 2290 sphaerica
1125 2215 1281 2271 nullo
1331 2217 1497 2270 modo
1543 2214 1730 2270 locum
1776 2216 2023 2272 inuenire
2068 2220 2190 2292 pos-

489 2309 581 2363 set.
672 2307 866 2381 Quum
932 2307 1078 2358 enim
1127 2303 1346 2356 nullum
1397 2300 1460 2353 fit
1506 2301 1730 2354 dubium
1762 2340 1778 2367 ,
1821 2302 1952 2372 quin
2000 2304 2056 2355 in
2103 2305 2193 2356 su-

492 2390 715 2465 perficie
760 2388 1027 2460 sphaerica
1074 2383 1493 2441 innumerabiles
1537 2386 1704 2438 lineae
1745 2401 1943 2441 curuae
1967 2402 2195 2456 geome-

494 2480 657 2531 tricae
723 2474 938 2529 describi
1009 2487 1246 2544 queant3
1313 2471 1618 2524 dummodo
1683 2471 1827 2522 enim
1898 2471 2058 2527 Sinus
2100 2470 2190 2528 vel

494 2564 803 2630 Tangentes
870 2558 1199 2628 angulorum
1264 2556 1419 2626 supra
1487 2554 1874 2624 vsurpatorum
1945 2549 2001 2626 φ
2061 2552 2189 2613 eto

496 2647 855 2716 algebraicam
908 2646 1046 2698 inter
1089 2644 1138 2696 se
1186 2650 1394 2694 teneant
1441 2636 1763 2694 relationem
1833 2656 2002 2695 curua
2073 2643 2193 2697 inde

493 2744 616 2785 nata
662 2729 710 2784 B
739 2731 799 2786 M
852 2731 1038 2799 vtique
1084 2741 1184 2798 pro
1227 2723 1554 2794 geometrica
1601 2725 1670 2778 est
1730 2727 1980 2783 censenda
2012 2768 2027 2795 ,
2099 2727 2189 2783 hic

490 2815 644 2872 enim
712 2814 776 2870 ad
844 2813 1216 2870 conditionem
1279 2807 1736 2868 testificabilitatis
1789 2827 1897 2872 non
1941 2814 2192 2868 attenda-

2022 2911 2190 2970 mus3
