2402 3329
492 196 622 247 214
812 170 920 231 DE
968 166 1238 232 CVRVA
1287 164 1876 230 RECTIFICABILI‘

488 344 622 401 quae
689 328 760 383 est
825 324 1013 380 eadem
1081 320 1318 378 formula
1360 339 1490 380 cum
1535 339 1624 395 ea,
1667 336 1832 395 quam
1880 319 2036 394 supra
2083 335 2186 394 pro

484 408 604 486 dcl>
649 416 767 468 inue
775 416 970 467 nimus,
2167 448 2172 452 .

694 493 929 554 XXXI
979 495 1171 568 Quum
1219 495 1360 547 'nunc
1403 492 1619 566 quidem
1665 504 1877 549 certum
1947 490 2011 547 fit
2044 531 2060 557 ,
2129 491 2185 554 in

492 581 773 653 superficie
852 581 1115 651 sphaerica
1185 594 1394 649 praeter
1465 578 1692 634 circulos
1762 579 2000 635 infinitas
2073 575 2190 631 dari

495 683 690 722 curuas
734 666 1088 736 geometricas
1118 705 1133 732 ‚
1177 680 1407 732 quarum
1450 663 1679 734 fingulas
1724 667 1996 737 portiones
2044 662 2191 715 inde-

495 751 659 806 finite
702 752 923 804 arcubus
965 748 1310 804 circularibus
1357 753 1540 803 metiri
1588 751 1780 805 liceat:
1823 752 2036 822 sequens
2058 745 2195 800 Pro-

495 835 678 891 blema
726 834 1085 890 nihilominus
1132 847 1411 904 tamquam
1458 850 1619 905 aeque
1664 837 1887 894 difficile
1930 850 1989 890 ac
2038 830 2194 887 omni

499 923 797 976 attentione
840 920 1065 987 dignum
1116 918 1457 988 spectandum
1505 920 1736 978 videtur.

1042 1033 1653 1112 Problema.

701 1151 765 1208 In
816 1149 1094 1223 superficie
1138 1149 1412 1222 sphaerica
1457 1167 1647 1207 omnes
1693 1151 1938 1207 inuenire
2011 1162 2207 1204 curuas

503 1227 856 1308 geometricas
901 1250 1135 1308 quarum
1179 1238 1329 1290 arcui
1374 1236 1658 1292 indefinito
1705 1239 2048 1310 cuicunque,
2101 1229 2207 1317 ‘ax‘-

499 1337 634 1376 -cum
679 1322 946 1393 aequalem
989 1319 1178 1378 circuli
1223 1324 1472 1378 exhibere
1517 1320 1690 1377 liceat.

704 1406 761 1462 Si
808 1407 1298 1477 quis-'solutionem
1348 1404 1512 1460 huius
1556 1405 1902 1479 problematis
1949 1404 2208 1460 methodo

503 1492 704 1548 dired'ta
756 1493 1002 1560 indagare
1048 1491 1287 1546 voluerit
1336 1493 1603 1546 maximas
1647 1493 1754 1547 fine
1825 1492 1989 1549 dubio
2055 1489 2208 1550 diffi⁴

507 1574 730 1631 cultates
776 1578 1051 1644 offendet,
1095 1593 1227 1647 quas
1277 1577 1548 1633 methodis
1591 1577 1765 1633 adhuc
1808 1577 2036 1646 cognitis
2110 1575 2208 1634 vix

256 1654 377 1707 ‘rab
414 1651 452 1701 Ῐ·
510 1675 567 1714 ac
615 1678 678 1714 ne
720 1663 819 1715 vix
865 1661 1084 1731 quidem
1128 1664 1367 1734 superare
1410 1662 1610 1718 licebit.
1700 1666 1776 1719 At
1823 1659 2202 1718 consideratio·

276 1725 443 1784 Fig.2
451 1757 460 1769 .

513 1761 599 1798 nes
638 1759 759 1798 ante
803 1745 965 1799 saetae
1012 1747 1156 1801 nobis
1198 1748 1501 1816 sequentem
1550 1749 1874 1805 solutionem
1919 1749 2039 1803 satis
2082 1760 2211 1799 con-

511 1831 729 1883 cinnam
780 1831 1131 1900 suppeditant.
1223 1833 1471 1884 Primum
1522 1832 1574 1883 in
1621 1833 1898 1900 superficie
1941 1831 2208 1898 sphaerica

514 1912 830 1967 describatur
878 1929 1042 1966 curua
1087 1929 1431 1984 quaecunque
1471 1914 1804 1982 geometrica
1846 1912 1890 1966 B
1918 1912 1987 1964 M
2012 1953 2026 1978 ‚
2067 1907 2213 1981 quod

521 1996 587 2051 fit
635 1995 673 2050 fi
719 1995 894 2068 posito
937 1998 1138 2066 angulo
1188 1998 1233 2053 B
1263 2002 1309 2052 A
1345 1999 1415 2051 M
1444 1991 1592 2062 ΖΦ
1635 2011 1690 2051 et
1736 2013 1863 2051 arcu
1911 1998 1961 2050 A
1988 1988 2214 2061 Μ-ῐθ,

522 2080 715 2135 relatio
767 2096 1123 2152 quaecunque
1187 2082 1344 2131 detur
1409 2081 1700 2145 algebraica
1747 2081 1886 2132 inter
1931 2070 2118 2141 Sin.<1>
2161 2090 2216 2131 et

518 2163 627 2221 Sin.
664 2159 714 2228 θ,
764 2165 838 2218 ita
876 2177 938 2216 vt
982 2163 1091 2218 Sin.
1120 2155 1176 2230 Φ
1219 2161 1437 2232 Γρεέὶπί
1488 2159 1640 2231 poffit
1683 2174 1961 2232 tamquam
2009 2160 2218 2217 functio

522 2247 810 2317 algebraica
861 2247 1025 2321 ipsius
1066 2248 1178 2304 Sin.
1214 2242 1267 2313 θ,
1317 2246 1653 2300 manifestum
1699 2255 1884 2300 autem
1944 2246 2016 2300 est
2083 2262 2219 2316 quae

523 2331 613 2386 hic
644 2333 723 2385 'de
766 2334 872 2388 Sin.
903 2327 958 2400 Φ
1003 2345 1057 2386 et
1104 2333 1194 2386 Sin
1242 2330 1266 2385 θ
1315 2332 1574 2386 dicuntur
1603 2369 1617 2395 ,
1671 2346 1835 2402 aeque
1893 2327 2068 2383 valere
2115 2346 2217 2403 pro

525 2415 824 2480 Cofinubus
868 2430 923 2470 et
970 2417 1354 2485 TangentibuS.
1437 2413 1742 2487 Talivergo
1787 2415 2047 2469 relatione
2077 2414 2219 2469 inter

527 2501 636 2560 Sin.
663 2495 719 2570 Φ
762 2516 816 2557 et
862 2500 968 2557 Sin.
1001 2498 1024 2555 Θ
1070 2502 1355 2557 constituta
1401 2511 1681 2570 quaeratur
1722 2502 1954 2568 angulus
2000 2499 2089 2567 ψ,
2156 2512 2222 2554 vt

530 2586 595 2642 fit
643 2587 891 2656 Tangens
941 2576 1218 2677 ψῑῑᾱφέ
1195 2635 1267 2670 sz
1280 2626 1337 2669 ο,
1380 2599 1540 2654 quem
1586 2598 1718 2654 ergo
1756 2584 2019 2657 angulum
2055 2587 2221 2661 etiam

531 2685 860 2752 geometrice
929 2684 1179 2751 nffignare
1249 2681 1686 2753 11cet‚ficque
1756 2682 2034 2739 habebitur
2098 2699 2220 2754 ang.

531 2765 677 2822 AM
706 2767 847 2823 0:
874 2767 965 2839 ψ,
1013 2782 1176 2841 quem
1221 2781 1372 2829 arcus
1419 2767 1489 2823 M
1516 2769 1569 2826 O
1611 2770 1666 2826 in
1709 2785 1936 2826 curuam
1998 2787 2223 2827 norma-

2152 2852 2224 2909 lis
