2402 3329
471 216 591 259 212
789 192 903 257 DE
944 192 1208 261 CVR-VA
1251 190 1832 257 RECTlFICABILI

460 355 711 410 maximo
774 366 961 405 arcum
1029 369 1060 407 s
1124 351 1376 422 affignare
1442 351 1623 406 licebit
1682 350 1836 402 cuius
1882 341 2043 403 Sinus
2088 345 2154 402 fit

457 439 543 496 illi
585 437 847 495 funftioni
892 438 1146 508 aequaliS,
1192 453 1389 491 verum
1433 436 1536 490 hoc
1587 438 1747 491 modo
1793 435 1847 486 in
1894 433 2154 486 maximas

462 523 810 581 difficultates
847 521 1214 574 delaberemut
1264 520 1696 590 quandoquidem
1745 533 1860 570 ante
1906 520 2014 571 iam
2059 533 2158 569 an-

461 608 776 663 notauimus
840 602 1048 657 nullam
1115 603 1291 657 adhuc
1338 602 1680 657 Methodum
1728 616 1948 672 patere,
2001 603 2160 657 cuius

457 709 561 765 ope
604 709 674 747 ex
713 690 831 742 data
871 689 1124 759 quapiam
1171 687 1430 744 relatione
1476 690 1615 743 inter
1660 703 1843 742 arcum
1886 703 2086 740 curuae
2125 704 2155 741 s

458 781 680 850 eiusque
725 773 939 828 radium
988 772 1155 829 osculi
1201 776 1258 830 in
1304 772 1586 845 superficie
1632 772 1894 844 sphaerica
1937 786 2007 837 r,
2049 773 2158 840 ipsa

457 879 630 919 curua
704 859 919 914 definiri
986 857 1169 929 poffet.
1284 858 1341 914 Si
1408 860 1559 912 enim
1629 873 1698 912 ex
1754 855 2158 927 aequationibus

457 950 502 1014 §.
553 948 683 1001 XV.
728 945 882 1010 datiS,
929 944 1016 995 vel
1065 941 1089 994 θ
1133 942 1221 995 vel
1265 942 1325 1010 ψ
1371 942 1722 997 eliminemus
1770 942 1825 994 in
1871 939 2158 1009 aequatio-

460 1045 593 1084 nem
640 1025 1056 1081 differentialem
1124 1026 1335 1077 secundi
1386 1028 1576 1090 gradus
1623 1027 1944 1088 incidimuS,
1992 1038 2157 1092 quam

460 1112 742 1185 quomodo
795 1107 1009 1162 tra-stari
1077 1120 1324 1178 oporteat
1369 1123 1540 1178 quum
1611 1123 1716 1161 non
1763 1105 2157 1179 perspiciatur3

460 1196 645 1255 multo
691 1196 872 1249 minus
916 1193 1147 1247 iudicare
1190 1192 1385 1261 licebit,
1435 1205 1627 1248 vtrum
1672 1206 1839 1248 curua
1885 1191 2008 1245 inde
2031 1205 2158 1261 pro-

458 1283 642 1354 ditura
684 1279 997 1347 algebraica'
1023 1276 1088 1330 fit
1135 1293 1235 1332 nec
1281 1274 1394 1330 ne?

659 1364 890 1418 XXIX.
941 1361 1213 1414 Haeoenus
1252 1363 1473 1431 quidem
1521 1378 1786 1432 curuae,.
1823 1378 1983 1433 quam
2059 1377 2161 1433 pro

457 1452 638 1507 nostro
688 1447 1018 1520 problemate
1061 1447 1407 1517 eruimus-ea
1466 1447 1831 1520 symptomata
1901 1447 2162 1501 recensui·

459 1549 586 1589 mus
615 1576 631 1603 ‚
695 1550 832 1606 quae
877 1531 1324 1610 considerationes
1368 1535 1727 1602 geometricae
1766 1524 1922 1588 vnobis
1963 1535 2163 1604 suppe-

456 1619 768 1675 ditauerunt
797 1661 812 1688 ,
859 1633 1001 1672 nunc
1046 1617 1217 1687 igitur
1263 1621 1426 1672 etiam
1473 1620 1766 1675 conueniet
1809 1618 1925 1673 eius
1968 1603 2159 1690 aequass

225 1690 344 1793 Τὲξ·
383 1693 418 1736 1.
460 1706 668 1760 tionem
715 1703 1041 1772 analytica-m
1085 1706 1378 1758 accuratius
1423 1706 1633 1761 euolui.
1738 1703 2002 1763 Sumatur
2043 1699 2163 1771 {igiss

278 1774 337 1818 ΙΨ
375 1771 421 1819 5‘
467 1805 558 1845 tur
607 1789 870 1859 punctum
922 1789 973 1840 A
1021 1789 1075 1841 in
1124 1790 1243 1860 ipso?
1284 1787 1640 1860 polocirculi
1686 1790 1917 1846 minoris
1959 1789 2070 1844 CO
2088 1787 2158 1855 D,

465 1878 537 1929 ex
582 1873 736 1929 cuius
779 1870 1102 1929 euolutione
1149 1875 1321 1927 initio¹
1356 1874 1493 1927 fausto
1537 1877 1594 1927 in
1643 1865 1843 1943 puncto
1886 1870 1972 1933 C,
2014 1865 2161 1921 oria·⁷

466 1973 558 2014 tur
581 1975 747 2014 curua
779 1958 948 2011 nostra
975 1954 1331 2012 ree'tificabssis
1356 1957 1493 2025 CM,
1536 1957 1692 2011 cuius
1710 1956 1889 2008 radius
1913 1950 2072 2006 osculi
2100 1951 2161 2005 in

461 2044 666 2115 punsto
693 2043 754 2097 M
782 2045 1042 2097 referatur
1086 2059 1210 2095 arcu
1255 2041 1442 2094 circuli
1476 2042 1701 2093 maximi
1731 2035 1860 2091 ΜΟ
1885 2034 2161 2090 circulum

467 2129 743 2180 minorem
790 2129 846 2179 in
891 2124 937 2179 C
987 2135 1234 2192 tangente
1263 2125 1493 2192 eiusque
1525 2122 1684 2172 arcui
1735 2117 1861 2173 CO
1932 2116 2158 2189 aequali.

464 2208 756 2265 Ducantur
823 2224 973 2265 arcus
1038 2214 1089 2262 A
1118 2207 1173 2264 O
1244 2222 1299 2262 et
1362 2211 1412 2262 A
1442 2206 1503 2260 M
1552 2217 1606 2258 et
1653 2203 1826 2274 pofito
1869 2220 1989 2260 areu
2037 2206 2083 2257 A
2112 2199 2160 2258 C

469 2315 539 2351 z
565 2297 615 2349 A
644 2296 696 2349 O
721 2314 870 2357 zze,
911 2297 984 2351 ita
1025 2306 1088 2346 vt
1133 2294 1320 2348 circuli
1363 2291 1598 2344 'minoris
1634 2289 1807 2341 radius
1841 2289 1906 2344 fit
1929 2286 2160 2346 :Sine

472 2381 729 2452 'quoniam
777 2381 1051 2451 posuimus
1092 2375 1282 2432 arcum
1332 2377 1378 2433 C
1408 2374 1602 2432 0:2:s
1642 2374 1855 2445 eiusque
1920 2371 2160 2429 mensura

469 2466 541 2519 est
584 2464 814 2532 angulus
857 2463 902 2519 C
930 2460 988 2516 A
1015 2459 1070 2517 O
1115 2466 1219 2519 erit
1266 2465 1355 2518 hic
1401 2458 1630 2528 angulus
1676 2459 1721 2512 C
1750 2464 1800 2512 A
1827 2460 1969 2515 0:
2033 2459 2050 2482 ³

1992 2509 2066 2540 Sm-
2097 2513 2116 2537 c
2141 2497 2162 2525 '

474 2578 616 2618 nunc
661 2563 784 2634 quia
829 2561 882 2613 iu
955 2561 1225 2632 triangulo
1290 2556 1515 2614 AMO
1582 2554 1897 2624 ree‘tangulo
1963 2558 2160 2611 dantur

475 2647 676 2702 catheti
722 2645 770 2699 A
795 2648 847 2702 O
874 2663 943 2721 Σ
967 2664 994 2700 c
1038 2652 1091 2700 et
1137 2646 1199 2700 M
1225 2644 1367 2714 O:
1393 2657 1455 2708 s,
1500 2638 1538 2692 sl
1584 2656 1843 2694 vocemus
1887 2654 1947 2694 vt
2003 2645 2159 2713 supra

475 2734 663 2805 arcum
712 2735 761 2785 A
793 2733 853 2787 M
878 2748 946 2784 z
973 2726 1028 2795 Θ,
1098 2726 1400 2782 habebimus
1470 2722 1588 2780 Cos.
1618 2722 1642 2778 Θ
1669 2746 1733 2781 z
1759 2725 1877 2782 Cos.
1903 2743 1931 2781 s
1959 2724 2077 2783 Cos.
2101 2744 2159 2794 c,

481 2816 664 2873 deinde
708 2815 749 2872 fi
793 2825 960 2889 porro
984 2817 1260 2870 -vocemus
1299 2810 1565 2887 angulum
1612 2809 1657 2869 C
1682 2815 1734 2869 A
1762 2813 1823 2871 M
1850 2833 1918 2869 z
1942 2806 1997 2885 Φ
2051 2813 2161 2869 erit

640 2932 643 2933 ν
1204 2925 1206 2927 v
2037 2910 2155 2967 ang.
