2402 3329
779 242 930 311 aeia
977 238 1006 309 t
1050 254 1086 293 0
1131 246 1151 310 >
1217 240 1369 308 aeg·-
1837 264 1907 310 41

227 389 438 447 Austor
508 391 748 446 describit
791 433 805 460 ,
844 378 926 446 'et
989 391 1214 460 denique
1281 390 1637 446 dimenfiones
1701 408 1919 463 quoque

227 478 470 548 partium
514 491 858 531 externarum
905 477 1163 543 adiungit.
1294 477 1360 530 ln
1429 480 1706 549 posteriori
1781 478 1915 531 Lien

222 577 296 615 ex
345 561 510 614 tribus
554 562 684 615 lobis
713 603 727 628 ‚
774 560 927 633 plane
973 560 1226 615 distineris
1255 601 1271 628 ‚
1315 574 1370 616 et
1416 564 1620 617 nonnisi
1667 562 1917 617 vasorum

224 647 638 712 sanguineorum
683 663 784 718 ope
854 645 1199 711 coniunffls,
1270 646 1389 711 vel,
1461 647 1502 700 fi
1576 649 1787 714 mauis,
1852 664 1921 702 ex

227 730 395 783 tribus
441 730 665 785 lienibus
710 730 1040 801 compositus
1084 731 1200 782 fuit.
1310 730 1578 784 Notabilis
1622 747 1802 785 autem
1852 736 1923 788 est

229 818 411 886 primo
452 814 677 869 Lerneae
724 816 980 887 quaedam
1030 814 1265 884 species.,
1332 815 1607 886 hucusque
1676 819 1925 883 incogni-

229 912 312 967 ta,
358 915 490 969 quae
536 901 711 971 pinnis
757 896 994 970 Cyprini
1046 898 1224 951 Rutili
1269 902 1578 970 praesertim
1629 900 1921 972 pediorali·

179 1050 182 1052 ¹
226 983 322 1036 bus
369 986 665 1055 frequenter
709 985 989 1041 adhaerere
1040 984 1254 1038 inuenta
1297 986 1408 1049 est,
1476 988 1732 1058 cuiusque
1801 987 1922 1042 ideo

230 1068 443 1121 iconem
509 1070 800 1123 iet-undum
869 1070 1302 1135 magnitudinem
1372 1071 1673 1125 naturalem
1728 1072 1918 1125 fastam

231 1151 373 1205 Clar.
419 1153 626 1205 Αυᾶοι·
667 1152 824 1204 addit.
919 1150 1129 1205 Deinde
1174 1151 1450 1204 vermium
1502 1154 1656 1224 plane
1707 1171 1921 1210 nouum

230 1250 417 1304 geum,
458 1237 545 1290 cui
596 1233 1201 1301 Acanthocephalorum
1253 1251 1453 1286 nomen
1501 1238 1761 1307 imposuit
1807 1242 1923 1293 Au·

230 1311 397 1383 c'tor‚'
465 1321 600 1386 quod
645 1317 892 1389 primum
940 1318 997 1368 in
1043 1316 1306 1369 Lauareto
1343 1357 1358 1384 ,
1422 1318 1608 1374 deinde
1650 1324 1813 1376 etiam
1861 1325 1918 1378 in

227 1400 472 1470 Cyprino
515 1400 705 1455 Rutilo
747 1399 964 1454 detexit.
1094 1399 1328 1454 Infident
1390 1399 1447 1454 hi
1520 1419 1737 1459 vermes
1803 1408 1919 1478 ple.

226 1499 458 1554 rumque
504 1486 695 1538 tunicis
737 1484 1081 1539 interioribus
1126 1485 1506 1540 intestinorum
1562 1488 1761 1544 horum
1832 1494 1918 1562 pi-

223 1569 388 1624 scium
419 1610 434 1636 ,
483 1570 762 1640 praecipue
804 1571 1034 1624 duodeni
1078 1583 1131 1623 et
1177 1568 1447 1624 inferioris
1490 1576 1655 1645 partis
1709 1577 1915 1630 ventri-

224 1654 376 1720 culi,
444 1656 530 1708 vbi
575 1657 704 1708 adeo
748 1657 919 1725 capite
966 1656 1060 1708 suo
1108 1656 1206 1709 sese
1265 1654 1574 1727 infinuant,
1644 1671 1707 1713 vt
1772 1662 1918 1716 diffi-

224 1741 401 1793 culter
430 1780 446 1807 ,
488 1753 542 1793 et
586 1741 730 1810 saepe
778 1739 984 1792 nonnisi
1040 1756 1167 1793 cum
1216 1739 1415 1796 iafiura
1463 1746 1649 1815 capitis
1699 1746 1917 1802 extrahi

223 1823 458 1893 poffint;
527 1823 621 1877 alii
690 1837 871 1878 tamen
940 1824 1101 1880 libere
1164 1827 1327 1879 etiam
1397 1844 1556 1882 muco
1621 1830 1918 1893 innatantes

225 1907 532 1980 deprehensi
584 1910 710 1963 sunt.
822 1909 1063 1964 Sedecim
1110 1917 1303 1964 eorum
1351 1912 1405 1964 in
1451 1913 1703 1983 Cyprino
1748 1918 1915 1972 Ruti·

224 1991 282 2046 lo
309 2034 323 2059 ‚
365 1995 425 2047 ad
468 1994 736 2061 odroginta
782 2010 946 2065 Vsque
992 1997 1046 2048 in
1105 1996 1371 2049 Lauareto
1438 1999 1661 2053 inuenit.
1798 2002 1914 2055 Ple-

227 2076 352 2130 nior
395 2076 593 2130 horum
642 2080 917 2132 vermium
967 2078 1186 2133 historia
1230 2081 1284 2133 in
1331 2080 1713 2138 Differtatione
1759 2089 1913 2154 prio-

230 2163 278 2212 ri
343 2160 669 2229 exhibetur,
731 2163 822 2214 cui
888 2164 1052 2216 etiam
1121 2165 1407 2221 delineatio
1475 2169 1766 2222 eorundem
1816 2171 1911 2224 ad·-

229 2240 407 2300 iundta
449 2245 536 2297 est.

312 2918 1008 2978 Tom.XV.Nou.Comm.
1112 2917 1114 2919 ’
1298 2922 1330 2978 t·
1835 2926 1904 2983 V.
