2402 3329
503 239 629 301 {370
767 231 772 235 “
879 224 1012 288 DE
1083 226 1389 288 MOTV
1457 222 1849 291 M1XTO'

503 386 630 459 quia
680 402 848 460 porro
889 396 1140 439 centrum
1186 385 1468 456 grauitatis
1507 384 1747 439 eiusdem
1798 399 1988 440 curuae
2048 384 2187 456 posi-

503 485 628 525 ·tum
671 474 771 528 fuit
812 473 868 524 in
911 485 937 524 o
967 510 982 538 ‚
1030 474 1433 544 repraesentabit
1474 473 1716 525 distantia
1761 473 1931 524 centri
1977 469 2189 524 oscilla·-

501 557 666 610 tionis
709 575 737 611 a
781 568 970 611 centro
1012 560 1291 625 grauitatis
1318 600 1332 627 ,
1377 560 1429 612 iti
1468 558 1538 612 est
1567 598 1580 625 ‚
1634 556 1871 610 distantia
1916 572 1994 610 co
2038 555 2192 610 velo-

507 642 727 696 citatem
775 654 956 695 motus
1001 643 1311 712 progreffiui
1354 659 1381 695 a
1425 639 1748 714 percussione
1792 641 2040 709 oriundi,
2083 641 2193 701 siue

472 726 848 781 >velocitatem
892 728 1061 780 centri
1109 730 1391 797 grauitatis
1420 769 1435 795 ‚
1480 726 1712 797 haecque
1759 725 2011 781 velocitas
2068 743 2196 798 per·

502 813 763 867 manebit.
851 811 1062 866 Deinde
1107 813 1301 867 lineola
1348 829 1451 884 ογ
1519 811 1787 883 exprimit
1844 812 2192 867 velocitatem

503 883 771 952 initialem
819 897 1004 965 puncti
1054 898 1221 950 medii
1263 915 1334 962 c,
1398 912 1531 960 quae
1597 897 1656 950 ad
1727 909 1943 950 motum
2015 897 2196 952 vibra·

504 983 716 1032 torium
776 981 1008 1043 pertinet
1057 1014 1072 1034 ‚
1149 978 1275 1027 haec
1343 979 1596 1029 velocitas
1660 979 1953 1033 vibratotia
2024 984 2196 1052 postea

499 1060 692 1115 sensim
735 1058 1063 1112 diminuitur
1110 1057 1266 1110 instar
1293 1061 1534 1130 corporis
1571 1061 1789 1128 penduli
1856 1064 1987 1114 dum
2054 1067 2196 1119 inter

499 1143 861 1200 oscillandum
910 1157 1095 1196 arcum
1141 1144 1370 1199 ascensus
1413 1142 1668 1197 describit.
1767 1141 1868 1198 Sed
1934 1155 1989 1198 et
2059 1146 2198 1203 olim

497 1229 863 1286 demonstraui
930 1227 1332 1295 longitudinem
1402 1227 1674 1297 penduli,
1746 1228 1889 1299 quod
1932 1245 2062 1283 cum
2109 1234 2200 1287 vi-

497 1315 825 1370 brationibus
888 1311 1126 1366 laminae
1196 1312 1540 1367 isoclironum
1616 1314 1728 1379 est;
1795 1325 1951 1384 atque
2002 1329 2070 1369 ex
2115 1316 2202 1372 liis

502 1403 756 1456 omnibus
803 1400 1008 1467 integer
1057 1398 1286 1461 laminae
1329 1410 1512 1451 motus
1556 1410 1583 1448 a
1628 1398 1954 1468 percussione
2009 1400 2203 1458 defini·-

499 1495 599 1542 ²tur
629 1528 645 1557 ,
690 1486 858 1540 modo
902 1496 1139 1552 congrua
1180 1482 1473 1555 accipiatur
1517 1495 1682 1535 curua
1730 1501 1766 1535 α
1797 1500 1850 1556 ’γ
1877 1480 1923 1537 ἓ.

704 1599 749 1665 §.
808 1611 896 1653 10.
943 1594 1108 1651 Nunc
1173 1598 1349 1666 itaque
1417 1594 1714 1665 requiritur
1775 1606 1838 1648 vt
1909 1606 2200 1651 curuatura

504 1682 738 1738 laminae
782 1681 1180 1750 consideretur3
1227 1680 1608 1736 Demonstraui
1674 1680 1810 1735 olim
1883 1680 1938 1735 in
1996 1680 2201 1736 duobus

503 1767 963 1825 schediasmatibus
1028 1766 1072 1830 §.
1122 1770 1176 1822 6.
1248 1765 1485 1836 allegatis
1549 1776 1900 1819 curuaturam
1968 1765 2202 1820 laminae

506 1851 860 1910 motiunculis
903 1849 1193 1922 reciprocis
1232 1852 1460 1921 agitatae
1503 1849 1889 1920 generalissime
1957 1848 2052 1905 hac
2106 1866 2204 1906 ex-

1331 1938 1359 1961 x
1614 1935 1706 1959 —x

508 1993 677 2065 primi
724 1989 1036 2062 aequatione
1059 2005 1106 2055 y
1129 2008 1201 2042 z
1226 1973 1375 2043 αι’-ἶ
1407 2000 1491 2052 —Js-
1517 1989 1548 2043 h
1572 1973 1794 2048 ⁶²74-
1826 1986 1861 2040 h
1888 1985 1978 2042 sin.
2009 1982 2207 2076 (ἕψῃ)

435 2116 438 2117 ⁷
506 2103 644 2160 quae
688 2087 926 2140 infinitas
985 2096 1282 2134 curuarum
1347 2082 1524 2136 classes
1594 2081 1953 2134 subministrat
1982 2120 1997 2147 ,
2067 2087 2206 2140 inter

507 2190 641 2246 quas
708 2171 814 2226 sola
883 2164 1274 2236 simplicissima
1342 2164 1430 2220 hic
1493 2162 1850 2218 attentionem
1920 2178 2164 2220 meretur
2190 2208 2208 2237 ,
2268 2162 2269 2165 ’

510 2261 640 2332 quia
719 2256 909 2311 omnia
981 2252 1354 2320 experimenta
1401 2283 1403 2286 <
1446 2250 1685 2322 indicant
1783 2248 2210 2307 vibratiunculas

509 2345 779 2399 altiorum
824 2351 1082 2410 generum
1128 2336 1467 2392 excursiones
1511 2338 1675 2388 facere
1717 2331 1875 2404 longe
1922 2337 2204 2406 minima53

511 2429 695 2486 licebit
738 2426 923 2481 saltem
970 2435 1088 2477 rem
1134 2424 1208 2476 ita
1255 2422 1603 2487 confideraie,
1648 2419 1788 2488 quasi
1833 2420 2031 2475 lamina
2075 2421 2205 2477 solas

511 2515 626 2571 suas
671 2511 996 2568 vibrationes
1041 2507 1456 2564 fundamentales
1499 2506 1562 2559 ad
1602 2520 1850 2558 normam
1897 2503 2105 2571 figurae
2149 2523 2201 2565 2.

512 2596 790 2672 perficiat,
830 2598 911 2654 sed
958 2607 1011 2649 et
1058 2606 1184 2648 tunc
1230 2593 1473 2665 aequatio
1516 2589 1897 2660 quantitatibus
1942 2589 2205 2648 similibus

510 2688 845 2758 exprimitur
873 2726 889 2753 ‚
935 2679 1076 2738 vnde
1101 2677 1425 2748 intelligitur
1456 2675 1812 2749 quantitatem
1838 2676 2063 2746 syydx
2085 2695 2201 2734 om-

511 2788 637 2827 nem
664 2773 769 2824 fere
793 2767 1029 2839 analysin
1054 2761 1301 2832 eludere3
1353 2763 1523 2831 igitur
1551 2762 1954 2817 reccurrendum
1981 2766 2085 2819 erit
2135 2764 2201 2820 ad

513 2854 999 2931 approximationes
1024 2866 1120 2928 per
1145 2849 1321 2923 series,
1361 2865 1486 2926 quas
1507 2851 1711 2927 pariter
1737 2849 1794 2904 in
1819 2850 1994 2908 citatis
2019 2850 2201 2906 amba-

1918 2948 1919 2951 ’
2098 2932 2194 2991 bus
