2402 3329
606 215 1368 277 ANATOMICAE.
1696 232 1813 286 549

345 373 619 430 Caeterum
689 387 755 424 ex
824 370 1219 440 comparatione
1293 367 1576 422 ssruehirae
1646 357 2058 424 leonisSChOlium

152 476 269 514 cum
316 459 542 513 humana
589 469 804 525 apparet
847 472 1051 525 quoque
1103 454 1289 507 melius
1320 493 1334 517 ‚
1398 469 1555 522 quam
1599 470 1665 505 ex
1713 455 1814 507 sola

151 545 408 597 humanae
456 528 866 593 confideratione
908 554 1156 608 apparere
1211 538 1371 607 potest
1399 578 1411 601 ‚
1454 553 1613 607 quam
1643 541 1816 590 omni-

151 630 242 682 bus
290 627 457 682 modis
504 625 557 676 in
605 623 863 692 homine,
924 625 1085 676 etiam
1118 664 1132 689 ‚
1191 621 1240 674 si
1307 619 1457 673 aliter
1525 620 1640 674 fieri
1711 638 1819 675 non

146 713 362 783 potuit,
407 726 533 764 cum
586 711 828 763 maximo
871 709 1135 778 dispendio
1192 707 1397 760 virium
1429 746 1444 771 ‚
1514 704 1822 759 multitudi-

1837 424 1891 470 de
1924 424 2099 472 strufituss

1838 507 1884 536 ra
1903 495 2097 553 corporis

1839 557 2033 605 humaui·

148 796 203 848 ni
271 809 326 849 et
389 794 633 847 varietati
702 805 994 858 motuum,
1059 793 1455 857 eorundemque
1487 789 1868 870 plenitudini>

147 892 199 932 et
228 880 531 948 perfze‘tioni
563 878 896 949 prospexerit
942 877 1208 944 Sapientia
1261 875 1475 927 Diuina.
1566 874 1820 929 Membra

149 962 387 1017 hominis
432 963 588 1028 longa
633 960 754 1012 sunt
798 973 848 1010 et
894 958 1146 1024 gracilia,
1213 968 1264 1007 et
1315 956 1452 1007 idem
1501 957 1562 1008 de
1612 958 1819 1009 muscu-

150 1047 212 1100 lis
257 1063 446 1101 eorum
496 1042 652 1097 valet.
740 1041 953 1094 Horum
1006 1054 1267 1111 praeterea
1318 1039 1575 1108 punctum
1628 1040 1824 1095 mobile

87 1158 90 1161 ·
152 1131 464 1201 plerumque
512 1126 728 1198 propius
771 1124 866 1177 effe
906 1125 1033 1178 solet
1079 1121 1493 1191 hypomochlio.
1582 1124 1823 1178 Plerum-

152 1231 256 1284 que
299 1216 460 1268 etiam
509 1213 566 1263 ad
615 1208 873 1275 angulum
920 1205 1212 1259 acutiorem
1262 1207 1572 1260 inseruntur.
1681 1210 1824 1263 Haec

151 1300 332 1351 omnia
378 1313 441 1349 eo
481 1292 662 1347 exadte
707 1292 926 1343 redeunt
957 1331 971 1357 ‚
1019 1301 1079 1343 vt
1128 1288 1298 1342 homo
1343 1289 1458 1342 inde
1503 1293 1690 1347 euadat
1734 1292 1828 1346 de-

152 1381 309 1434 bilior
338 1421 352 1448 ‚
423 1379 499 1432 scd
574 1377 886 1428 tantundem
934 1388 1144 1445 quoque
1193 1372 1443 1426 mobilior
1489 1389 1540 1428 et
1589 1377 1643 1427 in
1689 1378 1828 1430 diri-

150 1460 330 1531 gendis
400 1460 629 1515 motibus
692 1459 961 1513 dexterior
1000 1500 1015 1526 ‚
1088 1460 1148 1511 ad
1219 1474 1381 1529 quam
1452 1457 1826 1515 dexteritatem

151 1549 297 1601 suam
358 1544 584 1599 viciffim
657 1556 863 1611 partem
934 1543 1279 1600 contribuunt
1348 1545 1574 1612 magni,
1645 1548 1835 1616 quibus

151 1630 423 1685 instruetus
464 1629 533 1683 est
560 1666 576 1696 ,
619 1629 788 1681 nerui.

343 1797 652 1857 Cauendum
700 1810 880 1853 autem
927 1798 1000 1854 est
1043 1799 1098 1855 in
1155 1797 1552 1871 comparatione
1616 1796 1829 1856 virium

153 1878 477 1936 diuersorum
522 1883 848 1937 animalium
892 1900 1017 1937 cum
1062 1883 1312 1937 humanis
1341 1925 1356 1949 ,
1402 1900 1466 1936 ne
1494 1924 1510 1949 ‚
1551 1877 1700 1954 quaes
1729 1883 1828 1953 ipsi

155 1961 280 2015 huic
323 1964 621 2026 dexteritati
665 1967 930 2018 humanae
958 2006 973 2030 ‚
1037 1963 1128 2014 vel
1177 1966 1433 2030 ingenio,
1498 1965 1588 2016 vel
1634 1966 1830 2019 maiori

157 2043 499 2115 applicationi
542 2062 596 2102 et
635 2044 943 2109 diligentiae
997 2043 1250 2098 debentur
1280 2086 1294 2112 ,
1359 2045 1566 2099 viribus
1635 2047 1832 2102 adscri-

153 2129 360 2182 bantur.
468 2130 632 2183 Probe
701 2127 991 2180 cauendum
1037 2128 1208 2197 adeo,
1281 2143 1345 2181 ne
1389 2144 1520 2183 cum
1569 2129 1852 2187 soliditate

158 2211 351 2266 offium
419 2223 471 2265 et
527 2209 792 2264 firmitate
835 2210 1266 2279 ligamentorum
1314 2213 1457 2267 vires
1506 2213 1828 2270 musculares

157 2296 553 2350 confundantur.
686 2293 842 2348 Dum
891 2296 1121 2365 pondera
1177 2296 1343 2352 homo
1407 2297 1624 2367 eleuat,
1691 2298 1830 2369 liga-

161 2390 340 2431 menta
390 2378 620 2433 maxime
664 2380 942 2448 patiuntur
985 2395 1038 2433 et
1082 2381 1142 2434 vi
1200 2383 1499 2454 ponderum
1567 2382 1828 2439 firmitate

159 2465 244 2516 sua
288 2461 533 2518 resistunt.
619 2462 773 2517 Dum
819 2481 977 2518 onera
1005 2505 1020 2532 ‚
1063 2481 1194 2537 quae
1239 2467 1339 2519 fert
1371 2506 1385 2534 ,
1455 2467 1660 2536 capiti,
1741 2463 1834 2521 vel

159 2546 353 2599 ceruici
393 2559 443 2600 et
482 2548 630 2602 dorso
673 2548 1036 2615 incumbunt,
1080 2547 1181 2604 ossa
1212 2590 1226 2616 ,
1293 2550 1577 2620 praecipue
1647 2563 1833 2606 verte—

158 2630 277 2683 brae
308 2671 322 2695 ,
372 2643 672 2701 ‘earumque
713 2632 1046 2702 cartilagines
1089 2635 1568 2706 comprimuntur,
1631 2637 1830 2708 suaque

161 2714 360 2767 duritie
404 2713 486 2768 vel
531 2715 832 2772 elasticitate
874 2716 1127 2773 resistunt.
1242 2718 1477 2772 Musculi
1523 2716 1602 2772 nil
1651 2720 1836 2775 conte-'³

160 2807 338 2869 tunt,
400 2798 531 2871 nifi,
601 2813 660 2858 vt
705 2813 882 2859 totum
925 2818 1118 2875 corpus
1160 2802 1217 2858 in
1266 2803 1583 2877 aequilibrio
1622 2818 1676 2861 et
1718 2803 1834 2860 fin·-

909 2881 962 2943 Z
986 2904 1016 2943 z
1044 2904 1075 2943 z
1125 2903 1157 2955 3
1720 2889 1843 2961 gula
