2402 3329
548 205 664 266 543
808 188 816 190 ‘
921 182 1851 250 OBSERVATIONES

540 345 830 403 conuenire
857 385 872 411 ‚
917 343 1020 397 vbiv
1051 338 1069 415 (
1097 338 1183 395 vel
1235 340 1436 409 magnis
1482 355 1608 395 cum
1655 339 1893 406 viribus,
1963 335 2050 391 vel
2102 353 2222 409 par-

542 433 675 499 vis>
723 442 904 484 motus
950 425 1156 480 nonnisi
1202 428 1376 496 pauci,
1422 425 1563 496 iique
1608 438 1718 477 vno
1763 425 1966 492 semper
2009 424 2224 476 eodem-

544 533 650 588 que
699 515 862 568 modo
907 524 1223 566 exercentur
1251 549 1264 575 ‚
1312 512 1399 566 vbi
1445 512 1641 563 minor
1671 510 1724 561 in
1778 506 2010 562 motibus
2055 508 2229 561 varie-

551 613 627 654 tas
672 610 726 652 et
773 612 964 670 parum
1009 597 1135 650 adeo
1175 597 1390 663 negotii·
1423 594 1477 648 in
1550 593 1804 647 musculis
1871 593 2075 645 animae
2136 592 2225 649 est.

553 685 619 740 In
661 682 784 750 ipsis
827 679 1060 736 adduc’tis
1102 682 1368 751 exemplis
1420 678 1495 731 rei
1544 679 1739 731 veritas
1806 675 1852 729 se
1921 676 2224 732 manifestat.

552 769 662 825 Cor
707 768 898 835 enim,
943 765 1121 836 quod,
1178 763 1305 817 licet
1372 764 1431 816 vi
1501 776 1690 829 magna
1723 800 1738 826 ,
1804 773 1981 814 tamen
2051 761 2228 814 neruis

543 851 757 921 enguis
804 849 996 918 gaudet
1026 886 1040 911 ,
1086 861 1217 914 quos
1261 859 1315 897 et
1375 846 1509 911 ipsos
1570 842 1821 896 sensorios
1887 840 2230 900 solummodo

537 936 637 990 esse
684 946 858 1001 puto,
902 929 1134 980 liberum
1185 927 1393 992 prorsus
1437 926 1498 974 ab
1538 925 1689 976 omni
1734 925 1942 973 animae
2010 924 2230 980 arbitrio

542 1019 634 1084 est,
681 1030 816 1084 quae
860 1026 1028 1081 neque
1071 1009 1329 1075 excitare,
1377 1021 1543 1076 neque
1591 1005 2015 1075 interrumpere,
2059 1024 2229 1080 neque

539 1100 658 1156 vllo
705 1097 867 1151 modo
914 1092 1113 1149 validos
1156 1093 1266 1145 eius
1315 1104 1493 1144 motus
1521 1102 1730 1143 mutare
1761 1090 1845 1143 vel
1879 1091 2230 1148 determinare

539 1183 722 1256 potest.
809 1179 911 1235 Sed
959 1190 1169 1232 mirum
1217 1177 1306 1243 est,
1354 1188 1615 1246 quantum
1663 1175 1842 1227 cadem
1890 1189 2071 1229 contra
2119 1179 2233 1232 im-

541 1270 758 1341 perium
805 1263 991 1317 habeat
1037 1263 1090 1315 in
1135 1261 1330 1329 digitos
1405 1259 1642 1325 musici,
1717 1259 1809 1330 qui
1883 1259 2050 1314 craffis
2115 1262 2233 1319 ideo

544 1354 722 1408 neruis
764 1347 1005 1404 instructi
1053 1346 1190 1400 sunt.

742 1478 933 1552 Quum
978 1487 1107 1543 ergo
1154 1473 1207 1526 in
1254 1469 1406 1526 leone
1451 1485 1670 1540 magnos
1717 1471 1931 1543 quidem
1972 1484 2040 1527 et·
2096 1472 2238 1528 vali-

549 1564 640 1618 dos
683 1562 954 1617 musculos
986 1601 1000 1629 ,
1046 1559 1128 1613 sed
1178 1557 1452 1628 pauciores
1486 1595 1502 1622 ,
1583 1572 1776 1626 eosque
1826 1557 1897 1609 ita
1942 1555 2235 1628 applicatos

552 1647 916 1701 inuenerimus
944 1686 958 1712 ,
1025 1655 1087 1696 vt
1145 1655 1367 1713 magnas.¹
1405 1642 1621 1709 quidem
1675 1643 1812 1693 vires
1858 1643 1910 1692 in
1955 1642 2189 1694 motibus
2218 1678 2235 1708 ‚

550 1743 682 1799 quos
724 1739 969 1783 exercent
994 1765 1009 1792 ,
1077 1724 1159 1776 sed
1205 1723 1481 1792 pauciores
1522 1737 1736 1790 quoque
1781 1733 1961 1774 motus
2002 1716 2235 1777 diuersos

552 1812 764 1866 efficere
809 1809 1035 1881 poffint5
1080 1819 1357 1877 quumque
1397 1804 1580 1858 omnia
1626 1804 1923 1872 generatim
1972 1805 2042 1858 ita
2083 1821 2236 1861 com-

549 1906 731 1967 parata
777 1893 917 1959 fint,
985 1901 1047 1943 vt
1089 1890 1239 1942 facile
1285 1900 1530 1959 appareat
1559 1928 1574 1954 ,
1641 1887 1762 1941 solis
1818 1888 2020 1941 viribus
2048 1930 2062 1955 ,
2125 1891 2236 1944 dis-

553 1977 752 2049 pendio
794 1972 1066 2029 varietatis
1114 1984 1369 2024 motuum
1430 1970 1485 2020 in
1557 1970 1661 2020 hoc
1732 1970 1951 2025 animali
2017 1956 2237 2027 consul-⁵

555 2073 674 2115 tum
716 2061 857 2130 efle3
905 2073 1010 2113 non
1060 2055 1268 2108 mirum
1312 2054 1427 2108 sane
1470 2051 1540 2107 est
1569 2092 1584 2122 ‚
1630 2050 1668 2106 s1
1709 2068 1900 2111 neruos
1946 2056 1999 2110 in
2045 2060 2233 2112 eodem

554 2143 829 2201 debiliores
873 2139 1156 2200 inueneris,

754 2271 813 2329 Si
856 2273 972 2343 quis
1017 2286 1150 2326 vero
1190 2266 1470 2326 crediderit
1513 2267 1649 2321 forte
1680 2307 1697 2335 ,
1763 2282 1953 2325 neruos
2015 2285 2080 2326 eo
2146 2273 2234 2327 in-

557 2357 803 2425 seruire,
866 2369 929 2411 vt
996 2356 1227 2411 fluidum
1297 2368 1559 2407 nerueum
1622 2355 1875 2410 musculis
1956 2357 2233 2426 adferant,

558 2460 664 2515 quo
707 2439 931 2496 fibrillae
976 2457 1164 2497 eorum
1212 2440 1465 2495 inflentur
1494 2477 1510 2505 ‚
1569 2447 1621 2490 et
1667 2452 1848 2493 motus
1894 2440 1949 2493 in
1994 2443 2059 2496 iis
2102 2458 2233 2513 pro-

554 2529 858 2595 ducantur,
927 2540 1047 2582 tum
1115 2529 1230 2581 sane
1298 2522 1478 2592 magni
1554 2521 1770 2576 musculi
1822 2525 1996 2580 leonis
2044 2528 2233 2582 maffae

555 2612 772 2669 inutiles
815 2626 972 2667 erunt
1002 2651 1017 2679 ,
1083 2626 1218 2683 quae
1261 2608 1325 2661 ob
1369 2606 1630 2660 defectum
1677 2607 1826 2664 fluidi
1873 2612 2058 2665 neruei
2123 2613 2231 2665 suc·

559 2699 817 2752 currentis
864 2711 1139 2768 nunquam
1188 2691 1305 2747 satis
1349 2689 1522 2743 inflari
1552 2729 1566 2757 ‚
1611 2707 1878 2766 nunquam
1909 2739 1923 2765 ,
1982 2696 2233 2769 quamuis
2316 2695 2322 2701 ’

562 2782 746 2853 magni
789 2780 890 2838 fiut
919 2822 936 2853 ,
983 2795 1196 2855 magnas
1239 2775 1378 2834 vires
1419 2775 1649 2835 exserere
1698 2793 1972 2854 poterunt.

2050 2865 2227 2922 Caete-
