2402 3329
346 245 554 306 CORP.
578 239 752 302 SIVE
784 237 1163 299 FLEXIBIL.
1189 236 1334 299 SEV
1362 241 1705 307 ELASTIC.
1775 258 1888 316 385

414 395 510 449 VI.
558 392 657 448 His
703 392 966 465 perpensis
1010 389 1372 462 intelligimus
1412 394 1614 465 puncto
1655 395 1726 450 Μ
1753 415 1895 470 prae-2

219 494 301 539 ter
343 481 458 534 vim
507 479 885 548 tangentialem
937 480 1219 533 secundum
1260 480 1330 533 „M
1359 481 1445 549 T,
1507 481 1669 535 aliam
1743 487 1897 536 iniu-

216 583 314 640 per
367 563 688 635 applicatam
736 564 944 637 concipi
989 562 1210 631 debere3
1276 580 1411 634 quae
1455 561 1522 618 fit
1574 565 1635 621 V
1664 566 1702 619 P
1769 583 1896 621 nor·

214 650 373 706 malis
441 648 640 703 icilicet
707 649 766 701 ad
838 661 1142 718 tangentem
1214 648 1380 703 ΜΤ.
1540 650 1657 705 Hoc
1745 653 1893 705 enim

213 736 380 790 menti
432 734 500 786 ita
548 733 931 803 repraesentare
972 731 1145 800 licet,
1211 733 1358 804 quast
1424 731 1692 788 elemento
1753 751 1802 788 m
1835 736 1896 792 M

213 822 402 894 primo
458 820 613 885 virga
681 819 856 886 rigida
922 837 970 874 m
1003 819 1053 872 T
1098 817 1219 871 cffet
1269 834 1510 887 annexa,
1580 830 1700 873 tum
1768 837 1900 875 vero

212 908 297 961 illi
344 907 400 958 in
448 904 647 975 puncto
695 903 740 953 V
790 906 1003 975 insuper
1050 904 1135 957 vis
1183 904 1443 958 normalis
1489 904 1539 957 V
1568 904 1604 958 P
1653 904 1900 976 applica-

212 1004 262 1045 ta
294 1031 309 1057 ,
354 990 426 1039 ita
471 1001 534 1041 vt
578 988 661 1039 vis
710 985 800 1039 illa
846 1004 1008 1056 quam
1058 989 1366 1056 quaerimus
1412 989 1685 1043 manifesto
1744 1006 1897 1043 reuo-

211 1090 365 1130 cetur
406 1073 466 1123 ad
513 1072 642 1121 duas
683 1070 824 1122 vires
853 1109 867 1133 ‚
934 1083 1165 1140 quarum
1209 1068 1373 1121 altera
1423 1082 1545 1137 agat
1607 1073 1894 1127 secundum

214 1168 513 1225 tangentem
583 1151 755 1220 MT,
821 1151 985 1206 altera
1053 1168 1187 1207 vero
1248 1155 1311 1207 ad
1353 1152 1488 1206 hanc
1530 1153 1594 1208 fit
1639 1155 1897 1213 normalis

214 1245 270 1298 in
319 1254 463 1297 certo
507 1240 734 1309 quodam
787 1238 985 1307 punito
1029 1239 1097 1291 V.

411 1363 540 1419 VlI.
608 1360 892 1416 Vocesnus
953 1362 1122 1431 igitur
1188 1364 1310 1418 vim
1380 1364 1535 1420 illam
1610 1369 1893 1439 priorem,

214 1467 346 1523 quae
392 1447 677 1502 secundum
721 1447 1073 1503 diree'tionem
1125 1449 1384 1519 tangentis
1427 1457 1536 1521 agit
1578 1472 1646 1508 ,τ-
1675 1453 1757 1523 Τ,
1810 1454 1893 1509 al-

212 1549 379 1590 teram
424 1548 555 1587 veto
599 1528 726 1582 huic
772 1531 1074 1588 normalem
1124 1535 1168 1586 V
1203 1535 1442 1602 P:V‚
1490 1548 1542 1589 at
1607 1554 1710 1607 pro
1777 1539 1893 1593 eius

207 1616 561 1692 applicatione
608 1616 958 1671 interuallum
1008 1620 1068 1673 M
1099 1619 1241 1680 V:
1267 1636 1335 1687 v,
1379 1620 1469 1674 vbi
1513 1625 1687 1677 notari
1731 1638 1894 1694 opor-

207 1715 287 1760 tet
318 1743 332 1768 ,
380 1701 413 1755 s1
462 1701 621 1755 filum
669 1703 821 1756 omni
868 1702 1169 1758 clasticitate
1231 1708 1402 1759 ¹careat
1430 1745 1446 1770 ,
1511 1705 1596 1758 seu
1665 1708 1893 1778 perfecte

205 1788 272 1844 fit
316 1787 539 1857 flexile,
584 1798 703 1839 tum
753 1788 872 1842 vim
922 1789 1224 1844 normalem
1270 1790 1319 1842 V
1365 1790 1665 1844 euanescere
1688 1793 1895 1861 debere,

204 1889 371 1944 neque
443 1884 720 1943 propterea
779 1873 1137 1928 interuallum
1183 1890 1222 1927 v
1267 1875 1323 1929 in
1367 1874 1635 1929 calculum
1705 1877 1892 1949 ingre»

204 1958 301 2026 di,
341 1970 396 2012 at
438 1957 475 2011 si
521 1957 681 2010 filum
726 1961 888 2012 fuerit
930 1959 1204 2014 elasticum
1232 2002 1248 2027 ,
1316 1972 1436 2013 tum
1481 1976 1777 2018 curuatura
1836 1965 1892 2020 in

208 2041 411 2112 punito
453 2058 535 2105 m,
577 2056 710 2109 qnae
752 2058 820 2092 cx
866 2042 1064 2108 angulo
1116 2043 1429 2095 elementari
1505 2046 1553 2095 T
1580 2057 1675 2097 mt
1738 2050 1894 2101 aesti-

211 2135 434 2190 matur,
501 2135 709 2175 certum
761 2121 972 2174 virium
1018 2135 1365 2177 momentum
1435 2124 1757 2195 postulab‘t,
1822 2144 1894 2187 ex

210 2203 386 2260 indole
429 2201 638 2257 clateris
678 2200 1039 2260 definiendum
1068 2248 1083 2274 ‚
1150 2209 1237 2261 cui
1282 2208 1495 2279 aequale
1563 2211 1662 2263 effe
1732 2213 1889 2270 debet

213 2300 555 2344 momentum
602 2284 684 2341 vis
730 2290 989 2345 normalis
1031 2287 1090 2344 V
1119 2289 1188 2358 P,
1232 2294 1370 2361 quod
1414 2293 1484 2346 est
1529 2291 1682 2365 Vv,
1739 2315 1888 2369 quo-

212 2375 356 2428 niam
400 2373 727 2427 elementum
780 2371 920 2428 Mm
964 2374 1037 2429 est
1081 2380 1385 2433 euanesccns
1411 2418 1426 2444 ,
1472 2375 1645 2451 ficque
1688 2398 1753 2436 ex
1798 2401 1886 2439 na-

213 2471 334 2512 tura
379 2456 458 2511 fili
501 2456 757 2529 propositi
786 2498 802 2526 ,
850 2473 1196 2517 momentum
1243 2465 1290 2517 V
1317 2480 1354 2518 v
1394 2463 1800 2524 determinatur.

406 2582 563 2640 VIII.
610 2583 922 2641 Constitutis
965 2586 1049 2641 his
1092 2589 1540 2647 duabus‘viribus
1592 2594 1643 2647 T
1708 2607 1763 2650 et
1831 2596 1885 2650 V

213 2684 338 2723 cum
384 2668 660 2724 interuallo
702 2687 739 2725 v
782 2689 883 2744 pro
949 2676 1154 2744 puneto
1223 2676 1313 2744 M,
1383 2678 1756 2733 transferamus
1822 2697 1884 2737 ea

213 2755 499 2809 secundum
545 2757 803 2827 principia
846 2757 1278 2816 differentialium
1324 2762 1386 2814 acl
1433 2763 1691 2834 pundtum
1754 2784 1884 2837 pro-

211 2839 428 2896 ximum
470 2853 547 2905 m,
587 2854 773 2895 vocato
816 2842 1083 2903 elemento
1124 2845 1187 2902 M
1214 2845 1484 2920 mzds,
1523 2863 1681 2925 atque
1725 2853 1881 2908 dueta

297 2923 988 2986 Tom.XV.Nou·Comm.
1241 2932 1287 2989 C
1311 2948 1339 2987 c
1362 2946 1389 2986 c
1771 2950 1882 2994 tan-
