2402 3329
477 263 554 314 42
569 250 598 302 8
891 239 1003 297 DE
1070 237 1249 296 ICTV
1316 233 1755 295 GLANDIVM

475 398 643 464 tatia,
683 407 787 465 qua
829 391 976 463 glans
1018 395 1073 447 in
1123 390 1355 447 tabulam
1407 400 1649 462 penetrat
1706 399 1759 441 et
1826 401 1988 458 quam
2058 385 2169 440 for·

474 484 625 538 mula
671 469 735 562 2¹—ss
775 478 1146 551 expressimus,
1238 476 1419 532 Facile
1465 487 1651 530 autem
1698 472 2031 542 intelligitur
2059 513 2074 540 ,
2128 469 2169 524 si

475 577 767 632 resistentia
860 574 952 629 illa
1057 574 1105 628 R
1171 572 1338 627 etiam
1409 568 1706 627 formulam
1784 558 1853 652 (ἐξ
1925 566 2172 620 inuoluat

474 676 740 730 rationem
791 671 1162 742 integrationis
1194 711 1209 738 ‚
1251 686 1352 743 qua
1410 672 1594 723 sumus
1664 667 1744 722 vsi
1776 708 1789 734 ‚
1858 667 2174 738 neutiquam

477 758 663 814 locum
712 760 902 813 habere
949 758 1087 829 posse
1117 797 1131 825 ,
1177 769 1459 827 propterea
1510 753 1652 825 quod
1699 754 1932 808 formula
2003 753 2052 809 R
2080 751 2175 806 dx

476 858 756 918 tamquam
806 840 1135 913 integrabilis
1178 841 1247 895 est
1295 840 1543 911 spectata.

681 1024 876 1081 XXV.
910 1023 1109 1096 Quodsi
1135 1033 1268 1087 ergo
1297 1023 1464 1075 tabula
1494 1035 1712 1076 naturae
1741 1024 1890 1080 fluidi
1919 1027 2180 1099 particeps

483 1111 625 1180 esset,
673 1111 745 1164 ita
792 1124 853 1164 vt
881 1108 1166 1162 resistentia
1192 1108 1395 1176 partim
1422 1124 1490 1162 ex
1515 1108 1788 1163 funCtione
1815 1108 1974 1180 ipsius
1996 1126 2056 1174 x,
2100 1113 2184 1166 vti

477 1195 836 1264 affumfimus‚
878 1196 1078 1266 partim
1127 1208 1258 1246 vero
1299 1196 1464 1246 etiam
1515 1209 1581 1245 ex
1613 1194 1871 1264 quadrato
1896 1195 2186 1249 celeritatis

475 1285 775 1350 constaret3
822 1280 1022 1336 solutio
1068 1279 1238 1333 nostra
1284 1276 1439 1332 nullo
1487 1279 1650 1335 modo
1693 1279 1953 1335 subsistere
2002 1279 2186 1350 posset,

479 1371 621 1424 vnde
668 1367 911 1422 maxime
958 1364 1304 1420 necessarium
1353 1364 1445 1430 est,
1492 1364 1545 1415 in
1592 1379 1679 1417 eos
1719 1366 1863 1420 casus
1911 1364 2187 1437 inquirere

481 1457 673 1528 quibus
716 1453 833 1509 talis
887 1451 1088 1506 indoles
1131 1450 1229 1504 sese
1276 1448 1587 1504 resistentiae
1635 1451 1843 1505 tabulae
1899 1451 2188 1504 admiscere

482 1541 665 1615 poffet.
757 1541 968 1594 Verum
1016 1537 1134 1591 satis
1180 1536 1287 1588 iam
1334 1535 1403 1589 est
1447 1535 1727 1603 cognitum
1775 1549 2003 1588 omnem
2034 1532 2186 1589 fluidi

480 1625 829 1682 resistentiam
880 1624 999 1678 inde
1048 1620 1380 1692 potissimum
1429 1620 1604 1689 oriri,
1649 1621 1790 1692 quod
1842 1631 2014 1688 partes
2059 1620 2189 1673 flui-

485 1713 542 1766 di
585 1712 648 1764 de
699 1709 823 1764 loco
866 1709 961 1763 suo
1002 1705 1196 1777 depelli
1244 1706 1414 1774 iisque
1463 1717 1643 1759 motus
1689 1704 1941 1775 imprimi
1988 1704 2190 1774 debeat,

488 1795 542 1849 id
588 1795 728 1865 quod
774 1792 886 1846 fine
933 1793 1142 1847 virium
1213 1789 1487 1861 dispendio
1554 1790 1671 1847 fieri
1745 1790 1967 1861 nequit,
2038 1791 2190 1861 supra

489 1892 676 1933 autem
720 1877 896 1933 littera
964 1879 1012 1933 R
1080 1885 1293 1931 tantum
1340 1876 1607 1933 eiusmodi
1655 1876 1776 1927 vim
1837 1873 2190 1929 reluctantem

489 1964 811 2028 denotauit,
889 1979 1023 2032 qnae
1070 1974 1284 2015 motum
1333 1960 1538 2028 glandis
1607 1962 1825 2031 quidem
1897 1962 2192 2014 retardaret

491 2049 598 2119 ipsa
643 2061 827 2101 autem
877 2047 930 2098 in
989 2048 1037 2098 se
1106 2044 1318 2096 nullam
1395 2056 1577 2094 motus
1644 2045 2036 2108 generationem
2106 2061 2191 2096 re-

494 2133 746 2204 quireret.
836 2130 991 2185 Duos
1039 2128 1205 2196 igitur
1251 2125 1348 2178 hos
1395 2125 1713 2180 resistentiae
1756 2131 1895 2181 casus
1967 2126 2194 2183 sollicite

495 2234 523 2272 a
571 2218 616 2273 se
661 2218 902 2273 inuicem
948 2212 1204 2283 distingui
1249 2223 1479 2285 oportet.

704 2413 939 2470 XXVI.
1010 2411 1073 2468 Id
1138 2408 1456 2466 refistentiae
1516 2423 1678 2477 genus
1718 2452 1733 2479 ‚
1808 2411 1950 2483 quod
2021 2413 2197 2468 motui

500 2502 743 2571 corporis
786 2499 981 2554 direc'te
1024 2499 1073 2552 se
1119 2496 1353 2569 opponit
1393 2508 1446 2549 et
1491 2495 1633 2564 quasi
1684 2495 1935 2551 elastrum
2004 2515 2197 2570 corpus

498 2584 757 2656 repellit,
806 2601 1063 2640 vocemus
1108 2581 1447 2637 resistentiam
1516 2579 1804 2636 absolutam
1840 2625 1854 2651 ‚
1936 2586 2196 2655 quorsum

500 2675 733 2742 pertinet
779 2670 868 2727 illa
916 2672 1023 2742 ipsa
1072 2667 1349 2722 resistentia
1379 2705 1393 2732 ‚
1438 2680 1603 2736 quam
1649 2666 1802 2740 supra
1839 2670 2021 2723 sumus
2065 2687 2201 2725 con·

503 2757 775 2829 templati.
867 2757 1129 2814 Alterum
1181 2767 1313 2808 vero
1388 2749 1710 2808 resistentiae
1778 2769 1988 2827 genus,
2053 2756 2197 2826 quod

2024 2839 2195 2893 veluti
