2402 3329
474 248 560 301 44
1015 225 1166 292 »323
1213 224 1234 291 (
1283 235 1318 273 0
1363 227 1382 290 )
1426 221 1575 294 &123⁴-

472 379 606 435 vicis
651 392 770 449 pag.
825 391 938 441 523
1007 376 1102 443 seq2
1153 373 1206 426 in
1254 372 1450 427 fiexore
1495 370 1663 426 cubiti
1702 370 1969 443 *penorali
2043 386 2161 444 pag.

479 470 612 530 526.
659 464 741 534 seq
802 463 1020 531 denique
1062 460 1118 512 in
1166 459 1404 513 eiusdem
1451 454 1717 513 deltoideo
1760 456 1957 512 flexore
1988 497 2002 525 ,
2044 466 2165 528 pag·

483 565 621 616 529.
666 549 763 618 seq.
2058 556 2060 559 ·

676 632 809 686 Duo
850 642 1030 684 autem
1079 628 1304 682 musculi
1354 625 1587 697 respedm
1636 625 2024 691 magnitudinis
2080 630 2159 680 ine

475 730 557 772 ter
597 734 784 773 omnes
833 716 889 767 in
938 727 1054 767 toto
1097 730 1325 784 corpore
1385 714 1552 766 leonis
1619 711 1906 777 eminent,
1970 712 2163 766 ενεῐῑόν

474 819 681 875 magnus
725 800 940 856 ceruicis
968 840 981 866 ‚
1023 799 1115 869 qui
1161 798 1414 868 proprius
1454 797 1592 851 leoni
1643 796 1912 849 musculus
1956 799 2025 851 est
2057 837 2071 864 ‚
2113 783 2167 849 et

474 903 713 944 anconem
759 901 982 956 magmis.
1095 883 1193 936 His
1241 882 1492 937 musculis
1535 882 1589 934 in
1636 880 1984 935 dilacerandis
2051 883 2167 934 ani-

478 973 705 1028 malibus
772 972 858 1027 leo
926 970 1209 1041 praecipue
1278 969 1453 1022 vtitur
1493 1008 1508 1034 ‚
1584 966 1714 1019 dum
1784 968 1999 1020 anconei
2064 981 2167 1037 ope

480 1059 729 1129 praedam
775 1057 895 1111 ferit
943 1054 1222 1121 solumque
1268 1054 1447 1106 versus
1491 1052 1750 1120 deprimit
1780 1091 1794 1113 ,
1847 1067 1965 1121 pag.
2028 1066 2161 1114 531.

478 1140 728 1192 eredioris
799 1149 976 1191 autem
1047 1135 1251 1211 auxilio
1317 1149 1520 1205 partem
1596 1135 1856 1203 praedae,
1925 1136 2169 1188 dentibus

477 1223 795 1298 prehensam
825 1262 840 1287 ‚
894 1221 1095 1274 sursum
1142 1221 1285 1272 ducit
1329 1235 1448 1286 pag.
1501 1230 1638 1281 524.
1765 1218 1993 1272 Eretflor
2052 1236 2171 1272 ma-

477 1325 614 1380 gnus
666 1306 889 1360 ceruicis
921 1344 937 1372 ‚
1002 1304 1258 1374 vtrinque
1304 1303 1367 1354 ad
1413 1301 1620 1357 collum
1688 1298 1857 1368 fituS,
1923 1317 2167 1373 quartam

476 1397 586 1450 fere
626 1397 739 1448 eius
788 1403 996 1463 partem
1046 1391 1131 1442 sua
1176 1385 1403 1443 crassitie
1465 1385 1602 1441 solus
1668 1387 1918 1456 vtrinque
1983 1388 2171 1442 efficit.

478 1481 771 1536 Anconeus
822 1489 1046 1544 magnus
1089 1474 1155 1528 ob
1195 1486 1476 1526 enormem
1522 1468 1806 1523 crassitiem
1837 1511 1852 1537 ,
1896 1487 1997 1539 qua
2041 1487 2174 1539 gau·

478 1568 611 1632 det,
680 1562 913 1631 figuram
961 1560 1115 1631 plane
1164 1557 1431 1611 insolitam
1464 1598 1478 1624 ,
1543 1554 1784 1607 cubicam
1827 1554 1969 1624 quasi
2000 1596 2015 1622 ‚
2089 1556 2176 1608 in-

481 1650 647 1715 duit,
691 1662 751 1701 vt
798 1662 958 1716 aeque
1007 1647 1114 1698 fere
1158 1661 1216 1696 ac
1266 1641 1457 1710 longus
1504 1653 1556 1701 et
1602 1638 1742 1692 latus
1804 1640 1912 1704 est,
1979 1640 2173 1694 crassus

482 1748 696 1805 quoque
743 1732 930 1787 euadat
978 1728 1292 1784 vastissimus
1340 1727 1429 1781 hic
1478 1723 1767 1780 musculus,
1858 1723 1944 1779 De
1998 1727 2171 1780 neruis

484 1819 594 1875 hoe
643 1820 806 1872 modo
850 1817 1145 1886 generatim
1195 1826 1485 1880 notamuS,
1552 1826 1642 1864 eos
1684 1820 1889 1880 praeter
1945 1812 2174 1880 opinio-

483 1921 610 1960 nem
687 1888 955 1955 tenuiores
1022 1899 1119 1953 effe
1191 1899 1434 1954 inuentos
1502 1895 1849 1966 proportione
1926 1895 2177 1950 animalis

484 2003 649 2062 quam
698 1984 937 2040 hominis
1004 1983 1157 2037 nerui
1223 1985 1343 2036 sunt
1411 1997 1573 2052 aeque
1642 1999 1699 2035 ac
1767 1978 1898 2034 felis.
2027 1979 2173 2037 Clar.

486 2075 694 2130 Audtor
736 2069 1160 2140 inexspectatum
1234 2066 1337 2122 hoc
1405 2065 1823 2138 phaenomenon
1900 2065 2178 2136 explicat,

485 2161 619 2216 dum
689 2155 969 2223 ostendit,
1051 2154 1258 2206 animae
1326 2153 1546 2222 quidem
1617 2151 1679 2203 ad
1750 2150 2178 2205 determinandos

489 2257 717 2311 motus,
781 2256 914 2310 quos
983 2238 1105 2291 vult
1174 2237 1230 2290 in
1305 2235 1560 2289 muiculis
1601 2235 1868 2301 excitari,
1938 2235 2176 2288 minime

488 2344 623 2382 vero
670 2325 923 2379 musculis
965 2325 1028 2376 ad
1073 2322 1376 2375 efficiendos
1425 2320 1522 2371 hos
1569 2330 1785 2382 motuS,
1858 2332 2051 2370 neruos
2095 2319 2177 2372 in-

488 2413 698 2481 seruire.
788 2407 920 2461 Inde
963 2406 1107 2457 enim
1156 2403 1392 2473 sequitur
1420 2441 1436 2468 ‚
1481 2401 1549 2453 iis
1594 2414 1807 2454 tantum
1855 2401 2175 2460 animalibus

491 2495 692 2553 maiori
731 2492 886 2564 copia
932 2504 1226 2545 neruorum
1278 2504 1373 2558 pro
1417 2485 1668 2540 musculis
1711 2500 1848 2555 opus
1912 2485 2007 2539 esse
2035 2529 2049 2555 ‚
2118 2489 2174 2542 in

493 2583 682 2654 quibus
710 2619 724 2646 ‚
793 2576 947 2633 velut
994 2575 1045 2627 in
1090 2572 1316 2627 homine
1343 2613 1358 2638 ‚
1402 2572 1575 2625 maior
1626 2584 1880 2624 motuum
1951 2574 2177 2627 varietas

493 2681 549 2722 et
598 2664 770 2732 maior
815 2661 1100 2716 dexteritas
1147 2658 1202 2710 in
1275 2657 1509 2710 motibus
1575 2655 1868 2723 dirigendis
1933 2656 2173 2727 obtinet3

493 2754 559 2808 iis
588 2793 602 2818 ,
646 2749 837 2819 quibus
884 2745 1066 2798 minor
1112 2742 1163 2794 in
1214 2741 1443 2795 motibus
1481 2740 1703 2794 varietas
1747 2742 1858 2807 est,
1937 2743 2019 2796 vti
2064 2742 2179 2797 leo-

495 2836 551 2892 ni
577 2877 593 2907 ,
638 2832 885 2909 quamuis
918 2841 1052 2887 cum
1101 2841 1295 2898 magna
1343 2826 1401 2883 vi
1445 2825 1505 2881 hi
1551 2838 1730 2883 motus
1793 2839 2179 2896 exerceantur,

1993 2927 2179 2968 mmo·
