2402 3329
498 217 579 273 30
1062 205 1221 278 »ἓξὲξ
1266 206 1286 273 (
1328 229 1365 273 0
1416 203 1437 283 )
1478 205 1631 276 &⁶9ss⁰-

486 358 658 412 centri
726 354 1007 427 grauitatis
1073 357 1261 428 virgae
1330 358 1384 412 in
1450 356 1715 415 constanti
1778 355 1877 412 esse
1939 350 2189 430 ratione}

486 457 623 514 quae
669 458 774 496 non
822 443 1121 496 mutabitur
1150 483 1164 510 ‚
1233 436 1579 498 fiue'fortius
1619 449 1703 499 ieu
1750 442 1971 498 debilius
2031 450 2186 514 virga

485 524 722 597 percussa
764 527 944 581 fuerit.
1032 526 1511 601 Quemadmodum
1555 545 1697 583 nunc
1740 522 1798 581 in
1835 526 2060 582 ,laminis
2106 546 2189 583 m-

488 611 818 665 flexibilibus
864 611 1067 681 duplex
1110 611 1331 684 produci
1378 612 1547 683 potest
1603 624 1830 681 motus,
1901 613 2189 681 progreffi-

486 712 586 750 vus
627 696 796 750 centri
840 695 1122 763 grauitatis
1170 709 1226 749 et
1292 696 1585 751 rotatorius
1617 737 1634 765 ,
1699 701 1773 752 ita
1842 697 1900 749 in
1964 696 2187 752 laminis

485 780 707 835 clasticis
752 793 960 850 praeter
1007 792 1222 835 motum
1273 782 1671 852 progreffiuum
1719 789 1898 837 motus
1967 797 2184 853 quoque

482 864 809 920 vibratorius
875 865 1098 936 produci
1168 865 1300 920 solet
1334 908 1350 934 ‚
1425 869 1579 921 cuius
1644 864 2041 938 contemplatio
2116 882 2181 920 eo

483 951 706 1004 maioris
749 951 822 1006 est
866 952 1025 1019 issue,
1100 951 1244 1022 quod
1285 950 1429 1021 leges
1477 965 1732 1007 motuum
1778 969 1807 1005 a
1853 951 2183 1022 percuffione

481 1033 541 1088 in
582 1036 899 1106 corporibus
936 1035 1162 1089 elasticis
1204 1037 1600 1104 productorum
1639 1041 2014 1092 communiter
2058 1037 2185 1108 sup-

482 1129 728 1189 ponant,
795 1133 1021 1172 omnem
1075 1117 1331 1171 effectum
1377 1118 1434 1170 in
1479 1119 1784 1172 variatione
1835 1132 2015 1171 motus
2058 1136 2187 1190 pro·

483 1201 698 1271 greffiui
770 1199 1068 1255 consistere.
1197 1203 1275 1256 Vt
1339 1215 1471 1255 vero
1524 1217 1668 1257 nunc
1715 1201 2001 1274 proportio
2044 1204 2187 1261 inter

478 1298 780 1358 vtrumque
828 1298 1045 1341 motum
1095 1283 1311 1340 definiri
1361 1284 1516 1356 poffit
1545 1322 1562 1353 ,
1630 1287 1942 1356 sequentem
2003 1287 2189 1359 hypo-

477 1369 653 1426 thefin
717 1370 915 1426 Illustr.
985 1369 1198 1426 Auctor
1267 1370 1609 1425 fundamenti
1675 1368 1803 1427 loco
1867 1365 2183 1444 supposuit'3

476 1471 701 1513 curuam
750 1453 980 1510 laminae
1020 1471 1090 1510 ex
1137 1456 1435 1510 vibratione
1479 1454 1752 1510 inductam
1782 1496 1797 1523 ‚
1844 1457 2016 1511 talem
2066 1458 2180 1514 fore

476 1553 539 1596 vt
590 1541 922 1612 permutatio
965 1541 1023 1593 vi
1068 1540 1195 1595 viua
1240 1541 1474 1596 minima
1530 1557 1630 1613 pro
1697 1541 1883 1595 eadem
1955 1541 2181 1596 transm*

475 1628 621 1680 tione
669 1626 854 1696 punc'ti
902 1625 1123 1696 percusti
1166 1625 1479 1680 absoluatur.
1608 1624 1725 1680 Hoc
1775 1641 1908 1681 vero
1975 1627 2176 1698 suppo-

474 1710 577 1766 fito
619 1708 1009 1766 demonstratur
1065 1710 1334 1782 punctum
1406 1710 1752 1782 percuffionis
1814 1713 1928 1764 fore
1989 1712 2172 1783 ipsum

473 1807 721 1852 centrum
768 1795 1113 1850 oscillationis
1182 1811 1383 1851 curuae
1430 1796 1578 1849 istius
1606 1839 1621 1866 ,
1667 1796 1804 1851 vnde
1852 1797 1962 1849 iam
2021 1794 2172 1852 facile

473 1882 760 1955 proportio
801 1883 943 1938 inter
985 1877 1318 1937 celeritatem
1363 1892 1548 1934 motus
1594 1880 1910 1952 progreffiui
1964 1892 2019 1933 et
2085 1883 2173 1936 vi·

470 1968 694 2022 bratorii
736 1967 1141 2022 determinatur.
1239 1965 1466 2021 Maioris
1509 1967 1683 2033 igitur
1728 1964 1997 2020 facilitatis
2045 1979 2172 2033 gra-

472 2053 546 2107 tia
614 2056 912 2124 supponere
981 2051 1162 2108 licebit
1220 2065 1452 2106 curuam
1519 2050 1670 2104 istam
1717 2047 2022 2121 fimplicem
2067 2048 2169 2103 effe

469 2137 778 2194 parabolam
809 2178 824 2204 ‚
892 2149 1118 2205 tumque
1173 2137 1278 2189 erit
1320 2134 1582 2189 velocitas
1618 2136 1795 2188 centri
1843 2133 2122 2203 grauitatis
2152 2173 2168 2202 ‚

469 2224 529 2274 ad
601 2222 946 2276 velocitatem
1016 2219 1283 2272 initialem
1358 2219 1547 2289 punc‘ti
1617 2217 1840 2292 percuffi
1885 2231 1948 2272 vt
1992 2233 2164 2287 425,

469 2308 721 2375 quamuis
765 2306 960 2358 scilicet
1005 2303 1134 2357 haec
1180 2316 1469 2356 curuatura
1532 2317 1560 2352 a
1630 2318 1754 2353 vera
1818 2300 2160 2370 aliquantum

466 2390 674 2443 diflerat
708 2429 722 2456 ,
794 2400 971 2442 tamen
1041 2387 1413 2456 proportiones
1479 2382 1822 2439 celeritatum
1893 2384 2018 2438 inde
2068 2385 2160 2438 de-

466 2476 649 2529 <iustae
678 2515 692 2541 ,
737 2489 839 2525 non
885 2473 1013 2525 adeo
1062 2470 1306 2523 multum
1355 2486 1383 2522 a
1431 2470 1573 2522 veris
1625 2468 2004 2542 discrepabunt.
2081 2469 2160 2523 Vt

465 2560 686 2614 demum
735 2558 909 2610 maior
973 2554 1099 2609 huic
1167 2553 1433 2610 Theoriae
1504 2552 1700 2606 fiducia
1769 2551 2160 2609 conciliaretur

463 2644 848 2715 experimentis
912 2639 1228 2711 quibusdam
1282 2655 1399 2693 eam
1448 2636 1714 2694 illustrare
1762 2635 1874 2695 Cel.
1919 2639 2152 2694 Auctori

467 2729 671 2800 placuit
712 2769 727 2795 ,
794 2742 1045 2781 normam
1117 2726 1314 2779 scilicet
1379 2724 1628 2778 adhibens
1695 2724 2010 2795 tripedalem
2085 2740 2153 2779 ex

464 2815 619 2885 ligno
683 2813 859 2884 dum,
927 2809 1100 2864 flexili
1142 2823 1197 2865 et
1240 2809 1452 2866 elastico
1514 2810 1865 2866 constructam
1901 2850 1915 2878 ,
1982 2808 2152 2864 Latit.

2060 2908 2149 2949 ιο.
