2402 3329
550 187 664 247 με
925 173 1838 261 οΒεΕκνΑΤξοΝΕΞ

552 333 681 385 dum
725 331 838 399 agit
865 373 878 400 ‚
951 349 1060 403 quo
1107 333 1292 385 minus
1336 331 1529 403 reliqui
1574 330 1796 386 flexores
1828 369 1843 395 ,
1906 327 1968 382 ab
2012 325 2249 383 humero

552 418 713 487 vela
758 417 965 487 scapula
1009 417 1156 484 orti,
1224 417 1366 471 vltra
1408 418 1636 471 eundem
1682 413 1946 484 angulum
2004 414 2245 469 cubitum

554 500 766 555 flectere
810 501 1016 571 poffint.
1095 501 1540 576 -Quamprimum
1589 501 1741 554 enim
1791 498 1891 553 hoc
1930 498 2127 552 {adium
2157 499 2246 569 est,

555 586 1059 659 fiexorrpectoralis
1111 585 1378 640 retrahere
1421 588 1667 642 cubitum
1723 587 2014 640 ccnibitur.
2127 581 2248 638 Va·-

554 673 657 725 rias
724 688 854 742 ergo
919 673 985 726 ob
1051 675 1222 728 causas
1267 671 1391 727 haec
1444 673 1697 727 structura
1742 670 2087 725 incommoda
2131 669 2203 722 est
2231 709 2248 734 ‚

557 755 597 810 fi
640 757 702 808 ad
751 757 1069 812 varietatem
1118 770 1373 810 motuum
1419 760 1541 812 inde
1609 758 1958 827 pendentium
2028 768 2249 807 eorum-

557 856 661 910 que
708 841 1087 909 perfectionem
1132 842 1415 908 respicias;
1481 843 1741 908 aptiffima
1786 853 1968 894 contra
1998 879 2013 904 ‚
2083 838 2122 890 fi
2186 839 2249 892 ad

556 923 785 990 gradum
831 925 1031 975 virium
1066 962 1081 988 ,
1131 921 1376 973 musculo
1418 925 1824 975 exserendarum
1859 963 1874 989 ‚
1950 935 2103 991 quem
2152 923 2249 974 sci-

557 1005 682 1060 licet
746 1006 921 1061 solum
987 1007 1043 1058 in
1112 1003 1214 1059 hoc
1285 1003 1518 1058 animale
1563 1002 1732 1060 finem
1778 1004 1926 1061 fuisse
1970 1007 2243 1074 cognosci-

557 1106 680 1146 mus
714 1132 728 1161 ,
770 1093 1067 1147 attenderiS.

275 1263 497 1324 Analogia.
761 1263 823 1318 In
871 1263 969 1317 fele
1012 1261 1202 1316 fimilis
1247 1261 1418 1317 flexor
1465 1261 1747 1334 pec'toralis
1788 1263 1968 1317 existit
1996 1262 2077 1318 sed
2102 1265 2250 1320 mul-

558 1357 617 1410 to
663 1351 878 1403 tenuior
924 1361 974 1400 et
1023 1348 1238 1416 longior
1320 1364 1417 1418 pro
1483 1353 1735 1420 portione
1805 1346 2064 1404 animalis·
2189 1347 2259 1405 Siss-

558 1433 801 1488 fabricam
849 1433 1298 1503 humanampro
1341 1450 1531 1486 norma
1575 1435 1896 1488 constituere
1941 1434 2070 1489 velis
2102 1475 2116 1503 ‚
2186 1433 2265 1489 adi

555 1536 717 1590 quam
769 1519 974 1591 reliqua
1023 1519 1275 1573 animalia
1320 1533 1701 1589 comparentur
1731 1562 1745 1588 ‚
1802 1520 1941 1572 hunc
1986 1518 2249 1573 fiexorem

557 1606 720 1660 cubiti
770 1619 1021 1674 tanquam
1073 1605 1375 1674 portionem
1435 1605 1720 1672 pectoralis
1786 1606 2008 1658 maioris
2075 1602 2248 1657 coufi—

555 1689 735 1740 derare
783 1699 1010 1757 oportet.
1119 1685 1265 1737 Nam
1314 1686 1590 1755 pectoralis
1637 1690 1691 1738 in
1736 1689 1890 1740 leone
1922 1727 1936 1750 ‚
2005 1685 2249 1738 humano

560 1772 754 1824 maiori
798 1771 1148 1842 respondem,
1211 1769 1271 1821 ad
1319 1769 1722 1830 extremitatem
1770 1771 2076 1823 inferiorem
2138 1767 2247 1820 hu-

505 1865 509 1869 ·
559 1857 694 1910 meri
742 1870 903 1925 vsque
947 1856 992 1908 se
1038 1853 1296 1907 extendit.
1392 1854 1530 1914 Haec
1574 1869 1704 1921 ergo
1747 1858 1860 1909 eius
1908 1857 2088 1925 portio
2112 1869 2246 1926 pau-

558 1938 614 1993 lo
661 1937 879 1992 vlterius
926 1939 987 1992 ad
1033 1938 1243 1990 radium
1292 1952 1455 2006 Vsque
1502 1941 1858 2005 progreditur.

272 2114 428 2161 Flexor
448 2109 536 2156 del-
753 2104 1023 2162 Secundus
1092 2106 1274 2161 flexor-
1331 2103 1494 2157 cubiti
1550 2105 1841 2161 delroideus
1886 2111 1955 2162 est
1997 2097 2258 2179 idemque.

269 2179 441 2227 eoideus
561 2193 870 2262 musculus,
938 2196 991 2246 in
1059 2209 1219 2264 quem
1287 2189 1494 2244 erector
1540 2208 1764 2260 magnus
1807 2196 2034 2251 ceruicis
2077 2195 2246 2248 inter·

272 2246 360 2313 (fig.
404 2241 539 2310 J'f')
561 2281 732 2333 media
801 2280 938 2333 linea
1006 2279 1116 2333 alba
1187 2276 1420 2342 finitur,
1482 2279 1839 2347 cuiusquein
1889 2278 2259 2350 superio-ribus·

556 2365 894 2417 mentionem
944 2365 1049 2417 iam
1097 2365 1210 2418 feci.
1298 2358 1491 2416 Oritur
1529 2378 1664 2431 crgo
1709 2365 1795 2417 hic
1841 2363 2014 2419 flexor
2056 2366 2246 2419 adusta

558 2446 696 2503 linea
743 2449 850 2503 alba
898 2465 956 2504 et'
994 2467 1020 2501 a
1070 2448 1335 2504 clauicula
1367 2488 1381 2515 ‚
1446 2465 1576 2520 quae
1625 2451 1674 2502 in
1724 2451 1893 2505 media
1962 2463 2110 2520 parte
2181 2448 2244 2501 li—

559 2549 682 2589 neae
747 2534 888 2590 alnae
955 2535 1151 2606 sepulta
1218 2536 1489 2588 incarne
1582 2531 1782 2589 horum
1867 2535 2262 2589 musculorum·

559 2618 756 2674 haeret.
873 2623 996 2674 Inde
1062 2624 1173 2675 eius
1219 2619 1377 2679 fibrae
1421 2619 1482 2672 ad
1524 2619 1706 2673 faciem
1754 2624 2073 2676 anteriorem
2126 2618 2245 2674 offis

558 2701 770 2757 humeri
820 2706 1566 2777 conuergendoldecurrunm
1638 2708 1763 2765 adeo
1808 2724 1868 2761 vt
1914 2707 2096 2762 variae
2158 2721 2262 2758 ea·-

561 2802 686 2843 rum
735 2788 857 2844 hinc
905 2794 1022 2857 inde
1068 2792 1339 2865 pennatim
1386 2790 1441 2844 in
1490 2789 1646 2857 strias*
1689 2795 1950 2847 tendineas
2013 2805 2265 2854 concurr

2123 2883 2240 2928 rant
