2402 3329
482 269 604 332 346
998 256 1155 316 DE
1242 254 1590 314 MOTV

485 419 581 474 bus
625 428 757 469 vero
797 424 980 466 contra
1023 425 1050 464 a
1094 408 1314 479 regione
1354 406 1603 463 calidiore
1670 403 1726 459 in
1790 402 2176 475 frigidiorem3

487 499 717 555 omnino
760 497 844 551 vti
885 497 996 550 iam
1044 495 1197 566 supra
1242 495 1383 548 circa
1430 489 1807 564 aequilibrium
1863 490 1935 544 est
2003 489 2179 544 obser·

487 596 724 649 vatum,
792 580 1003 637 etiamsi
1069 580 1144 636 ibi
1214 591 1432 635 motum
1502 579 1679 652 ipsum
1742 575 1967 633 definire
2037 573 2180 628 haud
2222 632 2237 646 ,

495 668 726 725 licuerit.

1058 807 1610 889 Scholion.

699 957 831 1004 142.
874 937 1021 992 Cum
1072 940 1242 1004 igitur
1287 941 1395 991 iarn
1446 953 1549 990 non
1591 935 1766 990 solum
1816 935 1881 990 fit
1921 933 2186 1002 euic‘tum,

498 1038 689 1094 aquam
735 1024 790 1073 in
840 1021 968 1071 tubo
1012 1019 1263 1070 circulari
1294 1057 1309 1080 ‚
1380 1019 1435 1067 in
1489 1032 1598 1084 quo
1663 1020 1724 1071 ad
1792 1034 1940 1089 pares
2006 1020 2189 1074 altitu-

498 1106 638 1162 dinis
715 1105 906 1172 gradus
987 1098 1180 1154 caloris
1247 1097 1312 1151 fit
1379 1099 1615 1152 diuersus
1643 1138 1659 1164 ‚
1745 1100 1800 1153 in
1876 1097 2192 1170 aequilibrio

498 1188 774 1246 consistere
817 1204 921 1242 non
976 1184 1154 1257 posse,
1223 1186 1304 1239 sed
1348 1186 1510 1238 etiam
1560 1183 1734 1252 ipsum
1784 1197 2001 1237 motum
2076 1189 2195 1241 inde

500 1276 751 1348 genitum
798 1268 1387 1336 determinauerimus3
1433 1264 1595 1338 probe
1649 1264 1940 1322 tenendum
1990 1269 2059 1323 est
2091 1269 2197 1325 hoc

503 1374 720 1415 tantum
767 1358 984 1411 euenire
1013 1395 1028 1422 ,
1083 1353 1122 1409 fi
1164 1367 1313 1408 totus
1357 1356 1516 1407 tubus
1558 1351 1625 1403 sit
1666 1369 1798 1422 aqua
1843 1354 2114 1424 repletus;
2155 1352 2193 1408 fi

503 1447 656 1501 enim
710 1443 892 1497 minor
938 1456 1100 1513 aquae
1143 1439 1296 1510 copia
1351 1438 1401 1490 ei
1464 1435 1526 1488 fit
1591 1435 1800 1505 infusa,
1864 1454 1923 1491 ea
1992 1440 2199 1510 semper

505 1528 775 1585 eiusmodi
823 1527 988 1583 ficum
1033 1523 1221 1579 habere
1267 1521 1467 1593 poterit
1495 1563 1509 1588 ,
1554 1520 1609 1572 in
1657 1538 1764 1594 quo
1809 1533 2073 1593 perpetuo
2115 1539 2198 1576 ac1

503 1616 754 1686 quiescat.
881 1613 947 1668 In
1012 1625 1123 1680 quo
1187 1621 1332 1663 certe
1405 1608 1587 1676 ingens
1632 1606 1934 1677 paradoxon
1983 1605 2197 1676 agnosci

505 1700 657 1752 debet
688 1739 705 1768 ,
770 1698 911 1768 quod
955 1699 1086 1750 dum
1132 1695 1188 1748 in
1229 1694 1486 1748 eiusmodi
1535 1690 1661 1745 tubo
1703 1706 1935 1745 vacuum
1979 1693 2202 1764 aliquod

509 1783 743 1854 spatium
789 1781 1139 1846 admittitur,
1184 1780 1393 1849 semper
1439 1776 1815 1847 aequilibrium
1861 1778 1975 1829 dari
2023 1777 2198 1849 poffit,

512 1867 566 1921 id
610 1866 764 1921 omni
811 1881 985 1919 vacuo
1034 1878 1246 1919 remoto
1287 1865 1456 1919 subito
1498 1860 1717 1915 tollatur
1745 1901 1761 1928 ‚
1820 1876 1876 1914 ac
1918 1863 2204 1916 necessario

515 1965 699 2006 motus
745 1950 883 2004 oriri
929 1949 1148 2017 debeat3
1216 1946 1398 2003 multo
1440 1947 1612 2000 maius
1675 1959 1861 1999 autem
1940 1942 2043 1997 hoc
2110 1944 2204 1997 fiet

511 2036 822 2106 paradoxon
850 2073 865 2099 ,
936 2046 1066 2085 curn
1134 2033 1407 2084 ostendero
1461 2032 1623 2080 etiam
1669 2025 1891 2082 admisso
1937 2027 2106 2096 spatio
2148 2031 2210 2084 ab

512 2131 648 2185 aqua
692 2129 862 2169 vacuo
889 2153 905 2179 ‚
961 2113 1266 2166 dummodo
1310 2111 1377 2163 sit
1422 2110 1723 2162 minimum
1755 2147 1770 2174 ‚
1834 2110 2208 2176 aequilibrium

511 2199 772 2266 excludi,
841 2199 914 2251 ita
959 2209 1022 2250 vt
1063 2199 1270 2267 quoties
1318 2192 1453 2248 illud
1500 2207 1738 2246 vacuum
1790 2204 1935 2245 certa
1984 2179 2209 2250 quadam

519 2286 815 2359 quantitate
857 2283 1021 2338 fuerit
1071 2282 1253 2336 minus
1283 2324 1297 2348 ,
1340 2295 1461 2334 tum
1507 2285 1713 2347 semper
1759 2274 2041 2337 necessario
2090 2295 2211 2334 mo·

520 2383 609 2426 tus
652 2383 965 2439 generetur,
1006 2370 1495 2439 quomodocunque
1540 2379 1672 2435 aqua
1720 2363 1772 2413 in
1827 2361 1955 2415 tubo
1999 2361 2064 2416 sit
2106 2363 2210 2415 dis-

520 2454 692 2528 posita
759 2453 833 2508 fin
902 2467 1083 2507 autem
1156 2454 1210 2508 id
1279 2462 1513 2506 vacuum
1584 2449 1672 2500 ista
1715 2447 2007 2516 quantitate
2052 2446 2212 2502 fuerit

521 2542 696 2597 maius
736 2582 750 2606 ‚
829 2551 945 2592 tum
1021 2543 1226 2609 semper
1290 2551 1451 2606 aquae
1519 2530 1784 2585 eiusmodi
1855 2532 1983 2583 fitus
2052 2531 2212 2585 tribui

528 2641 687 2700 queat
716 2665 733 2694 ‚
775 2624 828 2676 in
871 2640 984 2694 quo
1029 2636 1290 2694 perpetuo
1333 2614 1636 2685 acquiescat,
1750 2615 1997 2670 Maxime
2042 2619 2209 2686 igitur

526 2728 716 2781 operae
764 2712 1000 2778 pretium
1049 2709 1194 2770 erit,
1263 2713 1325 2758 vt
1369 2701 1475 2756 hoc
1520 2700 1721 2773 insigne
1765 2701 2067 2774 paradoxon
2126 2719 2214 2756 ac·
2293 2735 2296 2738 -

527 2792 854 2851 curatissime
895 2790 1233 2846 euoluamuS.

2000 2930 2215 2990 Proble-
