2402 3329
819 184 971 262 auseae
1017 189 1037 267 (
1081 211 1116 249 0
1163 198 1181 262 >
1226 198 1377 266 sce«-
1837 148 1957 273 545

746 332 1494 406 LONGOETVDO
1831 290 1839 294 ’

323 451 1901 568 OBSERVATORM

486 586 1725 663 PETROPOLITANI

333 697 444 754 EX
536 693 1149 755 ossssRvA‘moNE
1255 700 1577 757 ECLlPfflS
1680 703 1881 763 sous

618 778 694 835 A.
746 790 920 850 1769·
971 780 1589 845 DETERMINATA.

949 935 1265 987 Auctore

566 1081 802 1139 AND.
892 1080 1098 1136 IOH.
1191 1080 1624 1135 LEXELL.

1083 1270 1191 1303 1.'

246 1361 529 1513 *Praeter
575 1375 795 1431 initium
838 1388 892 1430 et
926 1375 1100 1431 finem
1144 1376 1305 1430 huius
1352 1377 1614 1450 Eclipfis‚
1658 1382 1737 1436 vti
1785 1385 1934 1449 supra

247 1469 250 1471 ’
403 1467 641 1520 vidimus
690 1460 966 1532 Petropoli
1009 1463 1127 1517 satis
1170 1463 1348 1516 exuste
1406 1464 1704 1519 obseruatus
1731 1506 1744 1530 ,
1816 1453 1933 1525 Cel.

246 1545 387 1603 Prof.
438 1550 622 1617 Mayer
670 1548 1019 1602 micrometro
1064 1548 1334 1603 obiectiuo
1377 1552 1437 1604 ad
1475 1549 1692 1604 Tubum
1726 1554 1933 1610 Achro-

245 1635 513 1689 maticum
560 1630 782 1688 Dollondz
831 1645 865 1697 7
917 1634 1112 1702 pedum
1167 1633 1479 1703 applicato,
1530 1634 1795 1706 plurimas
1844 1641 1929 1693 in·

241 1720 411 1775 stituit
481 1722 747 1773 mensuras
819 1718 1061 1788 partium
1129 1717 1435 1771 lucidarum
1503 1716 1661 1771 limbi
1740 1720 1924 1790 Solis;

236 1821 408 1876 quum
456 1804 626 1872 igitur
675 1801 949 1873 plerasque
997 1802 1193 1857 harum
1262 1801 1697 1857 obseruationum
1768 1821 1926 1859 com-

237 1890 586 1960 ptu-aueum,
654 1902 912 1958 quaenam
981 1902 1049 1941 ex
1108 1888 1172 1939 iis
1215 1886 1401 1940 deduci
1447 1900 1641 1954 queant
1695 1889 1926 1942 conclu-

235 1973 405 2027 fiones
482 1989 578 2044 pro
651 1972 1054 2026 determinanda
1129 1969 1494 2035 Longitudine
1573 1970 1919 2028 obseruatorii

236 2056 618 2130 Petropolitani
647 2098 662 2125 ‚
707 2054 941 2108 breuiter
984 2052 1101 2105 heic
1147 2066 1411 2122 exponere
1454 2053 1720 2109 constitui.
1851 2056 1917 2111 In

234 2146 393 2198 vsum
440 2156 621 2195 autem
667 2154 848 2192 meum
891 2152 974 2190 eas
1031 2135 1309 2207 imprimis
1373 2134 1529 2204 selegi
1596 2133 1917 2194 obsertmtio-

231 2246 320 2283 nes
351 2268 366 2294 ,
415 2243 511 2298 pro
555 2221 1061 2296 quibus'distantiae
1106 2231 1419 2293 apparentes
1465 2233 1769 2275 centrorum
1814 2224 1917 2280 So-

230 2313 297 2368 lis
341 2326 394 2366 et
445 2312 625 2364 Lunae
669 2308 755 2361 seu
802 2306 972 2360 restae
1021 2303 1150 2358 haec
1195 2316 1373 2358 centra
1417 2306 1692 2374 iungentes
1721 2348 1735 2373 ‚
1793 2320 1914 2362 ante

231 2411 287 2453 et
333 2397 445 2471 post
487 2393 920 2451 coniunctionem
969 2401 1320 2462 apparentem
1361 2387 1501 2443 Solis
1567 2402 1622 2443 et
1689 2391 1914 2462 Lunae,
1987 2447 1989 2449 ,

230 2486 293 2539 ad
362 2481 687 2552 Eclipticam
757 2477 1072 2531 videbantur
1143 2489 1304 2544 aeque
1371 2473 1702 2548 inclinatae,
1781 2491 1911 2544 quae

229 2570 377 2624 enim
421 2581 491 2622 ex
534 2565 670 2619 binis
714 2563 1113 2634 quibuscunque
1159 2557 1464 2612 huiusmodi
1520 2558 1911 2614 obseruationi-

228 2654 319 2708 bus
360 2656 697 2709 deducuntur
741 2645 1087 2718 expreffiones
1134 2660 1236 2715 pro
1280 2656 1522 2713 tempore
1574 2644 1909 2699 coniunctio-

228 2741 352 2806 υἷε,
419 2740 491 2791 ita
537 2737 651 2789 sunt
697 2745 1039 2806 comparatae
1067 2771 1082 2798 ,
1150 2742 1211 2781 vt
1253 2729 1382 2782 dum
1434 2728 1667 2782 inuicem
1716 2729 1908 2786 addan-

230 2830 362 2895 tur,
423 2819 777 2880 comestiones
826 2834 895 2875 ex
939 2814 1205 2869 erroribus
1254 2813 1576 2868 Latitudinis
1618 2825 1671 2867 et
1714 2813 1907 2867 distan-

932 2898 1005 2956 M
1034 2916 1088 2955 m
1116 2916 1173 2955 m
1197 2915 1253 2953 m
1302 2917 1334 2966 3
1803 2900 1906 2952 tiae
