2402 3329
558 238 992 300 CONTRA
1068 242 1617 317 TABVLAM.
1819 272 1941 325 429

260 392 433 451 veluti
479 392 530 445 in
582 390 758 444 fluidis
810 391 1033 458 euenit,
1103 409 1130 445 a
1174 396 1516 462 generatione
1565 398 1695 451 noui
1765 412 1943 455 motus

254 484 427 535 oritur
455 518 468 541 ‚
521 489 637 530 toto
678 473 830 530 coelo
874 492 900 528 a
949 478 1123 549 priori
1169 494 1362 546 genere
1408 481 1686 555 diicrepat‚
1729 485 1940 540 etiamsi

253 564 499 636 corporis
552 573 768 614 motum
838 577 1050 633 quoque
1126 565 1398 632 retardet,
1461 583 1569 637 quo
1636 568 1944 625 discrimine

253 662 436 703 notato
483 689 497 715 ‚
565 649 820 716 quoniam
901 646 1094 701 tabulae
1173 649 1386 703 nullum
1449 655 1690 707 foramen
1762 655 1938 710 induci

249 734 411 806 potest
443 772 456 798 ‚
503 730 598 783 nisi
645 733 761 784 eius
808 731 1100 802 particulae
1143 733 1378 790 internae
1428 755 1533 791 non
1582 738 1750 792 solum
1806 756 1832 791 a
1892 741 1940 794 se

246 818 486 872 inuicem
555 816 882 872 diuellantur
912 859 926 885 ,
986 819 1063 871 sed
1109 821 1270 875 etiam
1318 822 1381 875 de
1429 822 1546 878 loco
1591 826 1684 878 suo
1757 839 1937 879 remo-

248 915 475 956 veantur
503 944 516 968 ,
561 903 673 956 satis
718 905 1062 975 perspicuum
1111 907 1182 959 est
1240 906 1586 963 resistentiam
1656 909 1938 983 Vtriusque

244 991 450 1055 generis
495 986 584 1041 hic
631 1003 817 1042 reuera
864 987 1049 1041 locum
1100 987 1289 1045 habere
1333 993 1531 1047 debere.

448 1154 699 1210 XXVII.
743 1154 848 1209 Pro
892 1155 1069 1208 nostro
1125 1172 1255 1225 ergo
1323 1162 1480 1227 casu,
1545 1177 1730 1214 veram
1804 1164 1934 1220 refi-

247 1241 490 1295 stentiam
535 1242 731 1295 duabus
788 1239 1022 1311 partibus
1092 1242 1333 1309 exprimi
1399 1246 1708 1313 oportebit,
1783 1251 1933 1318 prior

240 1324 442 1382 scilicet
488 1342 603 1397 pars
648 1320 936 1376 continebit
977 1319 1322 1376 resistentiam
1355 1327 1661 1398 „absolutam
1709 1344 1762 1384 et
1811 1334 1934 1387 fun-

243 1411 410 1464 c‘tioni
459 1408 701 1475 cuipiam
748 1404 910 1475 ipsius
957 1421 995 1458 x
1042 1413 1526 1481 proportionalem,
1572 1430 1734 1484 quam
1779 1416 1930 1474 litte-

240 1509 296 1546 ra
344 1495 390 1547 R
434 1505 494 1544 vt
555 1493 712 1561 supra
782 1488 1214 1562 defignabimUS‚
1280 1495 1442 1551 altera
1517 1515 1645 1554 vero
1720 1519 1836 1572 pars
1901 1519 1930 1559 a

236 1587 415 1631 motus
449 1576 784 1644 generatione
830 1575 1052 1632 oriunda
1098 1590 1152 1631 et
1198 1582 1455 1649 quadrato
1492 1583 1776 1640 celeritatis
1799 1605 1926 1660 proc

232 1659 550 1734 portionalis
578 1701 593 1728 ,
640 1661 734 1715 hac
780 1660 1014 1716 formula
1062 1653 1239 1748 Αἴῖξξ
1283 1669 1650 1740 exprimatur,
1696 1674 1785 1726 vbi
1831 1663 1927 1759 dgr-x

235 1760 497 1830 fignificat
544 1759 913 1827 celeritatem,
957 1776 1057 1832 qua
1113 1761 1264 1830 glans
1335 1765 1390 1818 in
1460 1766 1635 1822 tabula
1705 1770 1931 1827 vlterius

231 1859 473 1918 penetrat
505 1888 520 1915 ,
561 1845 620 1900 A
665 1863 797 1901 vero
837 1848 908 1902 est
952 1847 1220 1916 quantitas
1261 1852 1541 1923 quaepiam
1592 1869 1620 1906 a
1667 1854 1923 1913 densitate

234 1934 489 1986 materiae
556 1946 608 1987 et
680 1932 1053 2000 magnitudine
1119 1936 1397 1990 foraminis
1468 1939 1709 2008 pendens,
1807 1944 1927 1999 Hoc

232 2018 398 2069 modo
443 2030 551 2071 tota
597 2017 887 2072 resistentia
938 2015 1031 2070 tali
1078 2018 1316 2074 formula
1360 2025 1736 2092 repraesentari
1772 2029 1924 2082 debet

363 2109 731 2199 R—i—A.}{{

433 2324 715 2380 XXVIII.
773 2326 935 2400 Quod
981 2338 1166 2383 autem
1232 2331 1494 2400 posterior
1564 2351 1718 2405 parS,
1786 2353 1917 2408 qua-

231 2412 385 2466 drato
425 2410 709 2465 celeritatis
753 2411 818 2464 fit
866 2414 1282 2484 proportionalis
1311 2458 1326 2485 ‚
1369 2419 1442 2471 ita
1514 2419 1679 2488 plano
1745 2427 1912 2479 ratio-

226 2497 374 2550 cinio
414 2495 592 2563 colligi
656 2499 869 2567 poterit,
980 2496 1366 2570 Concipiamus
1435 2503 1651 2558 maffam
1719 2524 1913 2578 quam-

229 2583 373 2652 piam
423 2597 488 2631 :
518 2581 586 2634 M
655 2584 1011 2654 quiescentem
1049 2625 1063 2650 ‚
1126 2600 1258 2655 quae
1302 2604 1327 2640 a
1370 2590 1427 2642 vi
1482 2591 1715 2660 quadam
1768 2594 1804 2646 Ρ
1852 2596 1910 2649 in

232 2679 447 2720 motum
508 2665 852 2736 sollicitetur,
918 2670 1090 2741 elapso
1163 2683 1411 2742 tempore
1482 2691 1553 2726 Ξ
1588 2687 1611 2728 t
1652 2717 1667 2743 ‚
1748 2681 1908 2733 maffa

232 2752 340 2806 iam
388 2750 450 2805 sit
496 2766 738 2824 promota
785 2773 876 2830 per
947 2756 1178 2825 spatium
1239 2774 1407 2829 Ξῖ,
1475 2773 1529 2815 et
1596 2777 1766 2834 quum
1835 2780 1907 2819 ex

895 2840 946 2895 H
974 2839 1011 2895 h
1038 2839 1078 2894 h
1125 2855 1158 2908 3
1751 2849 1906 2922 prin-
