2402 3329
448 227 610 306 ‚494
798 251 801 252 ν
1067 198 1218 267 „5233
1263 191 1362 270 (q0
1408 197 1429 263 )
1468 193 1622 262 &32⁹-

959 336 1684 411 DESCRIPTIO

492 469 1266 575 CYPRINI
1398 455 2170 574 RvT1L1,

493 637 750 716 QVEM
835 628 1302 692 HALAWEL
1392 625 1645 683 RVSSI
1736 618 2109 677 VOCANT
2162 663 2178 692 ‚

753 729 1927 799 HISTORICO-ANATOMICA.

1152 888 1528 956 Auctnre

889 1053 939 1109 1.
1025 1049 1087 1105 Τ.
1180 1040 1798 1102 KOELREVTER.

1017 1194 1057 1241 d.
1101 1208 1140 1247 3.
1177 1187 1444 1240 Decembris
1487 1201 1626 1252 1770.

593 1354 865 1429 Cyprinus
907 1350 1159 1420 (rutilus)
1209 1350 1368 1421 pinna
1413 1344 1497 1399 ani
1544 1345 1703 1398 radiis
1755 1362 1828 1398 12
1905 1344 2199 1400 rubicunda

763 1443 883 1495 Lin.
927 1438 1062 1506 Syst.
1109 1434 1235 1490 Nat.
1285 1433 1361 1489 ed.
1419 1449 1506 1485 10.
1554 1448 1607 1503 p.
1658 1447 1798 1496 324·
1844 1447 1895 1486 n.
1950 1436 2042 1486 16.
2102 1433 2199 1487 Fn.

768 1524 916 1582 Suec.
970 1538 1106 1592 329.

767 1652 1046 1724 Cyprinus
1118 1647 1252 1702 iride
1281 1686 1298 1713 ,
1371 1648 1552 1718 pinnis
1601 1651 1805 1706 ventris
1850 1666 1911 1703 ac
1955 1649 2040 1703 ani
2092 1645 2206 1718 ple-

918 1750 1150 1804 rumque
1213 1731 1544 1786 rubentibus,
1613 1737 1738 1789 Art.
1793 1748 1913 1801 gen.
1977 1747 2026 1796 3.
2074 1731 2204 1800 Syn.

935 1837 1024 1873 10.
1067 1818 1229 1889 Spec.‘
1274 1833 1363 1873 10.
1410 1814 1581 1872 Gron.
1630 1820 1758 1871 mus.
1814 1836 1856 1869 1.
1913 1833 1961 1868 n.
1999 1824 2047 1870 8.
2081 1815 2208 1871 Ast.

928 1902 1040 1972 vps.
1094 1914 1265 1967 1741.
1312 1920 1365 1973 p.
1414 1916 1513 1968 74.
1563 1919 1611 1955 n.
1667 1915 1738 1965 51
1788 1914 1839 1953 et
1888 1912 1982 1963 52.

764 2027 982 2087 Brama.
1030 2023 1208 2081 Klein.
1255 2024 1381 2094 pise.
1426 2023 1527 2078 ΝΟ.
1579 2034 1626 2085 5.
1671 2024 1799 2078 Tab.
1838 2023 2004 2079 X111.
2031 2025 2123 2096 fig.
2159 2043 2211 2080 2.

533 2195 827 2350 Corpus.
863 2207 926 2263 ab
965 2206 1074 2263 oris
1117 2217 1373 2261 extremo
1428 2205 1490 2266 ad
1554 2202 1749 2276 pinnae
1814 2204 1954 2259 dorfi
2017 2205 2220 2277 princi-

620 2345 625 2348 ,
703 2296 855 2366 pium
903 2308 1068 2364 vsque
1111 2290 1298 2348 senfim
1346 2291 1608 2358 ascendit,
1651 2288 1773 2345 hinc
1820 2308 1953 2345 vero
1996 2291 2059 2344 ad
2083 2293 2222 2345 eius-

532 2381 653 2443 dem
703 2381 889 2451 pinnae
931 2377 1072 2439 bafin
1118 2375 1425 2431 notabiliter
1468 2375 1750 2443 descendit,
1795 2377 1988 2449 istaque
2015 2377 2222 2432 descen·
2325 2368 2327 2370 ’

534 2463 678 2521 fione
707 2504 722 2532 ,
770 2463 951 2517 minus
994 2463 1212 2535 quidem
1241 2502 1256 2530 ,
1299 2477 1463 2534 quam
1508 2473 1659 2514 antea
1690 2502 1704 2527 ,
1750 2461 2053 2517 obseruabili
2084 2502 2099 2529 ,
2156 2461 2223 2516 ad

539 2550 731 2605 caudae
776 2548 995 2619 pinnam
1054 2563 1220 2618 vsque
1293 2546 1488 2618 pergit.
1601 2544 1695 2600 Ab
1758 2548 1949 2600 eodem
2015 2562 2226 2618 quoque

543 2636 782 2689 termino
828 2633 976 2693 idem
1021 2635 1208 2705 pinnas
1253 2630 1519 2685 ventrales
1547 2630 1724 2683 versus
1746 2632 2028 2706 descendit,
2070 2632 2228 2686 hinc-

545 2735 648 2790 que
693 2718 840 2772 rec'to
882 2717 1041 2771 cursu
1085 2731 1249 2769 anum
1293 2717 1468 2786 petit3
1527 2714 1646 2770 inde
1691 2730 1870 2769 autem
1922 2718 2073 2771 iuxta
2139 2715 2229 2769 ani

549 2805 769 2876 pinnam
801 2841 818 2870 ,
860 2802 951 2855 sub
1007 2799 1294 2856 ascensione
1354 2801 1598 2854 maxime
1660 2801 1921 2872 notabili,
1986 2803 2048 2858 ad
2117 2801 2233 2854 eius

2060 2884 2226 2943 finem
