2402 3329
521 206 626 261 EX
677 196 959 260 ECLIFSI
1007 200 1212 261 SOLIS
1256 205 1325 262 Α,
1380 213 1549 274 1769.
1729 214 1867 278 '653

398 364 452 412 6.
498 350 655 407 Circa
703 352 1063 421 significatum
1111 353 1318 407 litterae
1364 349 1400 405 ὃ
1453 355 1571 410 heic
1612 357 1874 413 obseruari

201 453 434 496 meretur
466 479 480 504 ,
545 440 686 507 quod
746 440 802 491 .is
877 438 1033 508 plane
1075 440 1311 492 diuersus
1353 437 1417 490 sit
1465 442 1525 492 ab
1568 456 1662 505 ρο,
1708 458 1877 510 quem

196 524 318 577 huic
366 524 572 575 litterae
620 523 673 574 in
735 524 1059 590 praecedeuti
1127 522 1482 576 dissertatione
1551 522 1878 593 tribuimus,

194 610 264 661 ibi
309 608 450 658 enim
500 601 532 656 ὃ
583 604 903 674 significabat
947 608 1334 662 comestionem
1409 609 1651 660 summae
1722 610 1882 660 semi-

193 692 585 744 diametrorum
623 689 765 745 Solis
811 702 865 742 et
911 693 1091 746 Lunae
1119 731 1136 756 ‚
1199 689 1319 744 heic
1365 705 1498 743 vcro
1538 685 1576 742 δ
1621 690 1884 756 generali-

193 786 274 828 ter
342 775 554 827 denotat
623 774 1018 828 correctiouem
1063 778 1419 845 cuiuscunque
1467 773 1740 828 distantiae
1786 791 1885 844 ap·

192 861 427 930 parentis
467 870 774 914 centrorum
820 860 960 913 Solis
1002 872 1053 910 et
1100 859 1319 923 Lunae,
1363 873 1493 926 quae
1541 859 1707 923 igitur
1753 874 1882 912 cum

193 943 255 994 de
302 940 449 994 Phasi
497 941 670 1009 aliqua
716 941 982 993 obseruata
1031 942 1263 1009 quaestio
1305 941 1414 1007 est,
1459 941 1742 994 inuoluere
1786 959 1886 1011 pu-

196 1026 348 1078 tanda
417 1027 485 1077 est
554 1040 661 1076 non
737 1024 901 1076 modo
970 1023 1358 1076 correctionem
1430 1022 1885 1078 stmidiffcrentiae

196 1110 587 1162 diametrorum
635 1106 774 1161 Solis
814 1120 867 1160 et
914 1106 1096 1161 Lunae
1127 1147 1142 1172 ,
1188 1107 1269 1158 sed
1319 1107 1483 1160 etiam
1535 1109 1698 1176 partis
1741 1107 1884 1161 luci-

195 1193 290 1244 dae
360 1193 739 1257 mensuratae,
819 1190 858 1243 fi
926 1191 1096 1258 igitur
1166 1190 1426 1243 corre-»etio
1491 1192 1882 1248 semidiametri

194 1276 421 1331 Lunaris
465 1273 807 1342 exprimitur
853 1289 944 1341 per
990 1290 1057 1338 a,
1099 1272 1483 1326 semidiametri
1532 1290 1664 1328 vero
1729 1275 1882 1330 Sola-

194 1362 268 1413 ris
313 1376 404 1428 per
449 1357 509 1420 h,
553 1369 604 1409 et
652 1372 766 1425 pars
805 1355 977 1409 lucida
1022 1360 1319 1410 mensurata
1363 1359 1566 1411 dicatur
1612 1360 1680 1425 P,
1723 1358 1880 1414 hahev

194 1443 333 1497 bitur
403 1457 507 1512 pro
553 1439 865 1493 huiusmodi
910 1443 1026 1494 casu
1073 1435 1472 1505 &za-bu
1515 1436 1629 1520 -})
1675 1443 1880 1512 fignifi-

191 1552 343 1594 cante
387 1539 423 1592 d
462 1537 920 1591 semidiametrum
965 1535 1120 1592 Solis.
1207 1534 1409 1608 Quodsi
1459 1538 1629 1604 igitur
1668 1536 1730 1590 de
1781 1554 1881 1591 va-

195 1623 312 1677 lore
357 1622 512 1694 ipsius
555 1617 591 1673 δ
634 1637 701 1673 ex
754 1625 1094 1692 praecedenti
1141 1618 1522 1676 Differtatione
1565 1621 1684 1675 satis
1749 1622 1880 1675 effe-

193 1721 315 1760 mus
359 1708 533 1771 certi,
600 1719 779 1758 tamen
835 1708 953 1759 inde
1023 1708 1256 1759 minime
1321 1706 1670 1772 sequeretur,
1735 1702 1881 1756 hunc

190 1791 433 1845 valorem
487 1789 767 1862 quantitati
813 1785 847 1843 δ
895 1791 1019 1843 heic
1066 1789 1331 1842 adhibitae
1376 1799 1700 1857 competere.
1790 1788 1882 1842 Ex

187 1876 636 1929 obseruationibus
681 1887 865 1928 autem
917 1877 1082 1928 modo
1126 1873 1299 1925 allatis
1345 1871 1589 1923 valorem
1662 1872 1882 1939 quanti·-

193 1959 314 2008 tatis
358 1951 392 2007 δ
432 1973 611 2012 eruere
652 1959 868 2019 vellite,
936 1973 1019 2008 res
1066 1958 1180 2005 sane
1227 1956 1362 2005 foret
1419 1952 1743 2006 difficillima
1786 1956 1880 2008 ,ob

194 2038 518 2094 iweu³tabi1es
558 2052 762 2094 errores
801 2038 1234 2090 obseruationum
1269 2075 1283 2101 ‚
1354 2035 1406 2086 id
1457 2049 1636 2088 tamen
1685 2035 1879 2090 notasse

192 2123 444 2191 iuuabit,
509 2124 546 2176 si
617 2120 756 2172 hunc
821 2121 1063 2175 valorem
1109 2119 1290 2174 exacte
1337 2122 1696 2173 determinare
1744 2117 1878 2172 lice·

139 2257 142 2260 .
194 2223 275 2261 ret
305 2248 319 2271 ‚
365 2221 482 2260 tum
527 2204 874 2259 corrediiones
920 2202 1313 2260 semidiametri
1361 2218 1469 2259 tam
1516 2201 1876 2274 SoliS‚quam

194 2291 380 2346 Lunae
426 2289 635 2344 seorsim
682 2289 919 2358 assignari
965 2289 1124 2362 posse.

395 2451 431 2496 7
494 2438 837 2511 Quamquam
887 2437 1016 2492 fitus
1071 2435 1414 2493 obseruatorii
1485 2432 1876 2505 Petropoiitani

194 2538 260 2576 ex
305 2522 581 2575 obseruatis
628 2523 917 2593 bclipfibus
961 2523 1272 2579 Satellitum
1331 2523 1477 2575 louis
1549 2520 1655 2574 iam
1727 2535 1876 2587 antea

192 2608 310 2661 tatis
371 2607 546 2660 exade
611 2607 861 2662 definitus
930 2608 1037 2674 fit,
1106 2611 1276 2663 nostra
1344 2618 1522 2659 tamen
1589 2620 1749 2674 opera
1818 2604 1876 2657 in

192 2693 560 2758 computandis
601 2692 1047 2747 obseruationibus
1094 2690 1408 2748 memoratis
1449 2704 1516 2741 eo
1561 2689 1740 2740 trinus
1772 2687 1879 2740 erit

192 2774 493 2846 superflua,
551 2782 695 2849 quod
760 2777 862 2833 hoc
933 2777 1214 2848 imprimis
1259 2787 1585 2846 argumento
1628 2773 1875 2829 euiCtum

854 2861 911 2920 N
940 2880 974 2918 n
999 2879 1035 2918 n
1060 2880 1095 2919 n
1140 2880 1175 2930 3
1763 2854 1868 2926 fit,
