2402 3329
537 263 981 324 CONTRA
1050 266 1600 330 TABVLAM.
1807 300 1923 349 427

239 409 654 490 Examen
735 415 1258 490 accuratius
1342 416 1928 525 superiorum

788 522 1379 606 solutionum.

427 661 653 716 XXIII.
701 661 979 736 Quoniam
1027 661 1111 715 vis
1156 663 1249 716 illa
1290 664 1363 730 R,
1406 675 1568 733 quam
1618 660 1670 713 in
1707 656 1927 713 solutio-

229 759 355 799 nem
407 750 636 802 nostram
684 746 1128 815 introduximus,
1174 748 1330 802 nullo
1373 748 1536 800 modo
1589 746 1928 812 restringitur

227 845 321 889 aut
365 830 677 904 limitaturff
722 832 920 890 iolutio
986 834 1159 891 nostra
1234 833 1480 886 maxime
1550 831 1811 901 generalis
1875 840 1929 886 et

226 920 287 974 ad
333 938 525 975 omnes
573 923 724 993 plane
782 927 923 975 caius
990 919 1204 974 extendi
1269 919 1434 993 poffet
1503 918 1717 984 videri,
1788 932 1928 987 quo-

226 1008 606 1077 modocunque
645 1008 795 1060 enim
859 1005 1235 1076 perforationis
1301 1003 1519 1056 effeetus
1584 1003 1924 1073 promotioni

224 1090 429 1159 glandis
496 1094 841 1154 aduerietur,
911 1090 1116 1158 semper
1182 1100 1383 1140 certam
1455 1088 1574 1140 vim
1641 1086 1922 1156 concipere

226 1176 349 1230 licet
380 1218 394 1243 ,
440 1191 576 1244 quae
626 1175 704 1228 isti
754 1173 1067 1228 refistentlae
1114 1174 1252 1226 foret
1316 1170 1586 1240 aequaliS,
1651 1182 1705 1224 et
1756 1188 1922 1240 quam

223 1263 352 1314 adeo
399 1261 486 1313 sub
531 1260 708 1311 littera
758 1259 845 1310 illa
892 1261 939 1310 R
981 1269 1289 1309 contentam
1337 1253 1645 1322 intelligere
1714 1255 1918 1310 liceret.

221 1344 498 1419 Quatenus
542 1357 719 1396 autem
773 1339 863 1393 illa
906 1341 1174 1409 quantitas
1216 1339 1261 1393 R
1295 1378 1310 1405 ,
1358 1351 1420 1391 vt
1476 1338 1683 1393 func'tio
1741 1342 1919 1395 varia·

220 1430 338 1483 bilis
383 1445 422 1481 x
451 1470 465 1495 ‚
513 1444 615 1496 qua
664 1425 991 1496 profunditas
1039 1425 1420 1494 penetrationis
1473 1425 1817 1495 defignatur,
1871 1441 1915 1480 ·a

216 1513 362 1567 nobis
405 1509 764 1565 consideratur
795 1550 810 1576 ‚
856 1525 1177 1582 quocunque
1229 1512 1451 1563 demum
1523 1512 1691 1564 modo
1719 1550 1733 1575 ,
1800 1518 1913 1565 tam

213 1601 273 1651 ab
317 1596 421 1667 ipsa
463 1597 727 1662 glandinis
786 1596 1162 1664 magnitudine
1219 1607 1272 1650 tt
1336 1594 1559 1664 figura,
1624 1611 1784 1665 quam
1854 1597 1915 1650 ab

211 1680 376 1754 ipfius
435 1680 631 1736 tabulae
696 1680 896 1736 duritie
942 1693 998 1734 et
1041 1679 1374 1736 craffitudine
1421 1681 1648 1750 pendeat
1677 1720 1694 1746 ‚
1747 1679 1913 1750 siqui·
1999 1679 2007 1685 “

126 1839 131 1841 ξ
208 1767 332 1822 dem
382 1765 477 1820 hae
523 1783 609 1843 res*
648 1782 709 1821 vt
749 1768 1073 1837 quantitates
1115 1769 1404 1823 constantes
1431 1771 1550 1819 (unt
1577 1765 1913 1835 spectandae:

205 1865 417 1906 eatenus
506 1854 674 1906 nostra
743 1853 944 1908 solutio
1007 1854 1207 1925 saepius
1279 1872 1309 1908 a
1378 1853 1605 1905 veritate
1665 1851 1910 1905 recedere

208 1939 418 2004 potest,
481 1954 657 2007 quum
706 1942 893 2011 vtique
938 1940 1206 1993 eiusmodi
1253 1943 1452 1995 dentur
1494 1939 1641 1990 *casus
1687 1936 1774 1990 vbi
1823 1940 1909 1991 vis

209 2021 523 2074 refi'stentiae
566 2041 672 2076 non
719 2036 932 2076 tantum
979 2027 1202 2075 vnicam
1250 2024 1398 2076 illam
1444 2021 1755 2074 variabilem
1824 2037 1906 2088 x,

211 2106 290 2156 fei
335 2103 499 2155 aliam
552 2116 818 2175 praeterea
867 2104 1034 2156 vetuti
1075 2104 1400 2157 celeritatem
1427 2106 1702 2174 implicare
1728 2103 1905 2179 possit,

213 2187 265 2240 id
309 2190 447 2257 quod
492 2188 685 2241 clarius
730 2186 991 2259 expllcari
1038 2186 1231 2241 neceffe
1273 2188 1358 2243 est.

410 2356 630 2410 XXIV.
679 2357 764 2410 Ad
812 2355 916 2409 hoc
958 2357 1335 2411 ostendendum
1380 2357 1750 2429 concipiamus
1813 2371 1897 2413 ta-

207 2443 387 2496 bulam
435 2455 710 2512 tamquam
780 2445 1105 2514 proprietate
1170 2442 1326 2497 fluidi
1393 2443 1688 2515 praeditam
1757 2445 1895 2516 efle,

204 2543 360 2597 atque
406 2541 523 2582 tum
573 2527 785 2583 nullum
831 2532 964 2583 soret
1010 2530 1230 2583 dubium
1264 2568 1281 2597 ‚
1319 2532 1448 2602 quin
1516 2531 1694 2582 omnis
1768 2530 1893 2582 refi-

207 2616 388 2668 stentia
431 2630 458 2666 a
514 2613 616 2668 sola
687 2614 958 2670 celeritate
1026 2618 1282 2686 penderet
1349 2616 1564 2684 eiusque
1634 2618 1892 2683 quadrato

203 2699 622 2770 proportionalis
662 2699 785 2756 effet
814 2740 828 2760 ,
878 2700 1194 2755 huiusmodi
1243 2700 1416 2771 igitur
1463 2703 1575 2755 casu
1621 2700 1892 2769 quantitas

204 2785 296 2840 illa
339 2785 386 2840 R
433 2800 538 2840 non
568 2788 716 2841 'foret
767 2788 970 2842 sunnio
1018 2786 1178 2857 ipfius
1216 2804 1255 2842 x
1285 2830 1302 2859 ‚
1342 2788 1422 2842 ted
1466 2788 1643 2860 potius
1695 2785 1887 2840 celeri-

878 2874 929 2929 H
956 2872 995 2929 h
1021 2873 1058 2928 h
1108 2891 1141 2926 2
1723 2873 1843 2928 tatis
1869 2915 1884 2943 ,
