2402 3329
525 254 604 302 24
911 235 1021 292 DE
1094 227 1473 292 MENSVRA
1502 238 1509 287 ξ
1537 228 1804 294 SORTIS

522 384 630 438 fiue
687 385 744 436 in
787 380 994 435 limites
1052 391 1365 453 10220{·et
1441 390 1662 449 ¹0:315}
1728 381 2119 452 aequidistantes
2170 394 2198 431 a

520 469 758 523 termino
872 461 1055 527 1026ss
1161 473 1398 523 maxima
1493 468 1864 538 probabilitate
1949 467 2141 518 donato
2183 503 2200 527 ‚

521 554 591 617 (ς
658 558 793 612 10.)
840 551 927 604 vbi
975 555 1288 604 communis
1351 552 1590 603 distantia
1668 551 1867 602 iterum
1933 550 2004 601 est
2078 551 2198 613 47}-

520 636 676 701 Ergo
708 636 899 688 ,rursus
943 649 1107 701 aeque
1156 631 1422 704 probabile
1466 632 1535 684 est
1593 641 1656 684 Vt
1700 646 1954 682 numerus
2000 631 2204 701 puello-

519 734 646 773 rum
695 715 844 770 hosce
891 715 1093 771 limites
1140 717 1563 786 transgrediatur
1612 715 1701 770 vel
1726 731 1832 768 non
1859 717 2203 782 transgredia-

524 815 635 859 tur„
722 801 954 855 Miratus
997 802 1111 855 sum
1156 814 1359 856 tantam
1402 798 1604 854 horum
1676 799 2040 855 terminorum
2105 816 2200 853 an-

519 886 768 956 gustiam.
2092 897 2104 903 ·

727 991 828 1048 Sed
869 1004 921 1046 et
969 1009 1131 1065 porro
1177 994 1229 1046 in
1278 994 1614 1064 praecedente
1660 993 2040 1049 schediasmate
2088 1009 2205 1048 mo-

522 1077 621 1129 nui
684 1077 1015 1146 paragrapho
1082 1078 1294 1128 decimo
1364 1079 1565 1143 tertio,
1627 1079 1893 1131 distantias
1960 1077 2208 1130 limitum

472 1150 476 1153 ⁴
521 1160 754 1215 diminui
804 1160 1055 1228 proxime
1101 1160 1153 1210 in
1200 1157 1402 1211 ratione
1449 1159 1805 1229 subduplicata
1834 1173 2208 1225 numerorum,

521 1245 616 1315 qui
663 1244 911 1296 omnium
958 1255 1207 1294 natorum
1256 1244 1523 1294 summam
1587 1244 1839 1297 indicant.
1949 1240 2037 1297 Sic
2106 1259 2210 1315 pro

534 1343 690 1392 5000
763 1331 895 1379 natis
983 1339 1138 1393 aequa
1205 1326 1311 1378 erit
1376 1328 1607 1379 certatio
1716 1327 1965 1395 proxime
1993 1368 2008 1394 ,
2093 1333 2209 1383 fore

528 1425 591 1466 vt
636 1425 895 1462 numerus
940 1408 1253 1479 puellorum
1299 1425 1403 1463 non
1456 1410 1627 1463 maior
1680 1407 1745 1461 sit
1808 1425 1970 1478 quam
2045 1427 2208 1474 2500

526 1502 812 1560 4674-24
861 1493 967 1546 siue
1016 1505 1171 1557 2591
1229 1509 1320 1547 nec
1357 1494 1537 1548 minor
1574 1509 1733 1564 quam
1782 1497 2211 1561 2500467v24

525 1580 635 1635 fiue
683 1592 840 1645 2543
891 1578 982 1650 qui
1026 1576 1230 1631 limites
1275 1576 1594 1651 simpliciter
1654 1578 1962 1633 indicantur
2043 1584 2207 1644 2567

527 1670 612 1739 ὲ
646 1672 735 1731 24.

728 1762 784 1820 Si
830 1764 885 1817 in
933 1760 1112 1821 Gallia
1161 1774 1270 1821 tota
1307 1763 1484 1837 proles
1506 1777 1678 1818 annua
1705 1776 1936 1834 ponatur
1963 1759 2211 1824 6000οο

530 1850 638 1905 erit
682 1847 853 1921 proles
896 1849 1125 1904 mascula
1167 1851 1336 1904 media
1374 1860 1449 1906 'z
1482 1857 1724 1914 308040
1771 1861 1824 1904 et
1870 1865 2035 1919 aequa
2082 1865 2214 1920 pro-

530 1936 830 2005 pemodum
879 1936 984 1986 erit
1030 1935 1277 2006 sponsio,
1322 1935 1591 1988 excessum
1637 1945 1730 1986 aut
1777 1935 2042 1988 desectum
2089 1949 2216 2003 pro-

529 2019 596 2071 lis
647 2018 903 2071 masculae
951 2033 1260 2073 numeratae
1308 2035 1413 2071 non
1442 2021 1551 2072 fore
1580 2018 1841 2070 maiorem
1878 2032 2039 2089 qnam
2073 2013 2213 2083 26o‚

529 2101 613 2167 fi,
659 2117 785 2154 cum
847 2104 975 2156 statu
1060 2106 1246 2158 medio
1310 2107 1651 2170 conferatur,
1699 2101 1875 2172 posito
1940 2101 2213 2156 nimirum

530 2187 570 2269 ξ-
611 2202 677 2237 ς.-
720 2198 926 2252 [055.

727 2308 768 2371 §.
819 2323 909 2362 20.
962 2309 1120 2362 Hasce
1165 2310 1229 2362 de
1289 2307 1555 2361 limitibus
1627 2320 1791 2373 aeque
1864 2309 2215 2375 probabilibus

533 2388 915 2456 disquisitiones
961 2392 1120 2442 vtiles
1165 2393 1275 2442 fore
1321 2391 1583 2457 sperabam
1616 2428 1630 2454 ,
1678 2402 1740 2442 vt
1786 2391 1959 2443 tutius
2019 2402 2072 2442 et
2126 2408 2214 2444 ac-

535 2474 774 2525 curatius
823 2474 947 2526 terri
992 2473 1154 2543 posset
1205 2473 1472 2527 iudicium
1521 2475 1581 2526 de
1628 2489 1749 2526 vera
1794 2472 1912 2541 lege
1979 2475 2209 2528 naturali

537 2557 645 2611 fine
686 2557 746 2608 de
795 2571 914 2608 vera
968 2558 1314 2627 proportione
1361 2559 1497 2609 inter
1547 2572 1798 2611 numeros
1843 2576 1875 2611 α
1921 2572 1972 2610 et
2021 2560 2089 2613 h:
2146 2575 2211 2612 an

538 2640 717 2694 vbiuis
754 2637 1083 2694 terrarum?
1127 2657 1188 2692 an
1233 2642 1388 2713 omni
1439 2654 1682 2710 tempore
1727 2641 1815 2694 fibi
1861 2639 2107 2696 constat?
2148 2659 2213 2696 an

541 2738 726 2776 omnes
772 2725 1128 2777 variationes.
1176 2741 1307 2792 quae
1379 2724 1614 2794 reliquae
1684 2727 1838 2779 sunt.
1904 2729 2028 2781 sorti
2098 2727 2216 2780 sunt

541 2804 941 2863 adscribendae?
1005 2823 1068 2860 an
1138 2808 1244 2877 ipsa
1288 2806 1379 2863 lex
1424 2807 1680 2865 naturalis
1722 2808 1959 2880 aliquam
2009 2811 2215 2882 patitur

545 2887 959 2948 variationem?
1001 2890 1086 2947 De
1111 2889 1197 2946 his
1241 2894 1410 2948 adhuc
1435 2895 1564 2949 dum
1610 2893 1848 2950 haesitoz
1897 2896 2061 2950 nimis
2095 2909 2217 2963 par-

2079 2976 2213 3034 vula
