2402 3329
535 219 657 279 482
926 196 1432 259 RARIORVM
1520 201 1827 258 AVIVM

728 355 937 412 Pondus
1004 353 1376 411 Ruthenicum
1445 354 1560 408 auis
1633 355 1709 416 σὲ.
1778 351 1966 408 solotn.
2015 358 2218 423 aequat'.

529 446 746 502 Habitat
786 440 1151 516 Astrachanlae
1196 440 1250 493 in
1296 441 1642 494 arundinetis,
1690 441 1748 493 ln
1796 455 1853 492 ea
1885 480 1900 505 ,
1954 441 2014 493 ad
2058 455 2218 508 quam

528 531 827 602 expressum
874 529 979 582 fuit
1013 567 1027 593 ,
1065 528 1282 596 occiput
1324 537 1441 578 erat
1512 525 1733 592 nigrum
1770 564 1783 589 ‚
1849 523 2218 578 coniunffioni

501 617 701 691 „fasciae
750 614 984 669 frontem
1031 613 1350 682 etsynciput
1374 612 1635 678 cingentis
1658 612 2036 677 efformatuzm
2082 621 2218 662 cete-

530 718 656 757 rum
705 695 849 751 nihil
893 697 1174 750 differebat.
1225 699 1424 764 Figura
1470 710 1627 747 auem
1701 694 1934 747 naturali
2008 692 2217 762 magni-

532 787 714 842 tudine
760 782 887 837 fistit
933 782 1098 835 etiam
1146 780 1209 834 ad
1255 782 1444 836 Tanais
1484 780 1665 834 littora
1712 777 2135 851 copiofiffimam.
2185 765 2188 767 ¹

1278 936 1479 1001 XXII.
1548 929 1549 932 ’

268 1077 541 1158 Tabxij
714 1068 826 1134 An
889 1057 1231 1128 ARDEA
1297 1059 1712 1126 Rotam-us
1752 1061 2041 1126 maior?

810 1211 1004 1258 BRISS.
1046 1213 1129 1251 av,
1176 1195 1271 1247 ord
1344 1209 1436 1261 17.
1491 1209 1539 1262 g,
1601 1201 1694 1248 81.
1744 1194 1815 1267 sp.
1869 1202 1962 1250 28.

1040 1310 1367 1383 Dimenfio
1421 1312 1719 1398 partium.

539 1503 545 1508 .
1776 1433 1892 1489 Ped.
1937 1435 2044 1489 Poll
2084 1438 2196 1492 Lin.

537 1525 856 1597 Longitudo
898 1521 1064 1576 totius
1107 1520 1222 1573 auis
1270 1520 1329 1573 ab
1368 1530 1621 1572 extremo
1678 1535 1758 1571 ro·
2081 1554 2086 1557 .

617 1612 718 1666 stro
759 1613 824 1665 ad
859 1619 1132 1662 extremos
1178 1604 1329 1675 pedes
1414 1633 1440 1642 -
1521 1630 1546 1640 -
1631 1632 1655 1641 -
1741 1618 1831 1666 .4‚

867 1718 998 1731 —-
1051 1690 1137 1742 Ad
1180 1687 1487 1743 extremam
1532 1687 1756 1740 caudam
1778 1701 1828 1749 3.

532 1805 671 1833 ·.---
720 1777 869 1833 rostri
910 1792 940 1828 a
985 1772 1086 1828 bafi
1144 1764 1363 1829 fmntali
1420 1774 1719 1827 mensurata
1775 1791 1826 1827 0.

535 1851 674 1904 ss-v—
722 1889 860 1901 -—-—
913 1857 1203 1931 temporali
1290 1887 1315 1897 -
1400 1886 1427 1897 -
1511 1886 1536 1895 -
1623 1887 1646 1896 -
1736 1841 1826 1910 ἕο.

720 1947 930 1998 narium
1033 1966 1753 1982 -------
1775 1957 1827 1989 0.

530 1720 673 1734 —————

532 2028 793 2082 Latitudo
932 2055 957 2063 -
1098 2051 1126 2064 -
1270 2048 1297 2060 -
1428 2051 1451 2059 -
1580 2045 1603 2054 ·
1735 2050 1753 2057 -
1776 2041 1827 2073 0.

531 2111 792 2169 Distantia
842 2112 980 2164 inter
1026 2123 1107 2162 eas
1256 2131 1278 2142 ·-
1411 2131 1437 2143 ·
1570 2130 1596 2142 -
1733 2119 1823 2158 ·0.

530 2198 839 2266 Longitudo
884 2195 944 2249 ab
986 2190 1190 2262 angulo
1225 2187 1514 2259 posteriore
1539 2186 1749 2241 narium

613 2283 675 2335 ad
716 2284 1037 2335 anteriorem
1083 2276 1376 2333 oculorum
1459 2301 1483 2311 -
1592 2298 1619 2310 -
1683 2288 1687 2292 ·
1730 2293 1820 2329 -ο,

532 2394 674 2412 ---
717 2367 1002 2420 oculorum
1332 2374 1335 2375 ’
1737 2323 1823 2410 -Ιο,

534 2451 794 2506 Latitudo
937 2478 962 2487 -
1104 2475 1126 2483 -
1266 2473 1294 2486 -
1427 2471 1451 2485 -
1581 2472 1604 2481 -
1729 2462 1823 2498 ὀ.

534 2535 801 2590 Distantia
842 2535 1134 2590 oculorum
1260 2561 1284 2569 -
1412 2555 1440 2567 -
1576 2558 1599 2570 -
1729 2548 1822 2583 ·0.

533 2648 668 2660 -—-
716 2639 743 2675 a
790 2620 892 2675 bafi
939 2620 1092 2674 rostri
1135 2612 1348 2671 frontali
1391 2613 1454 2667 ad
1490 2609 1752 2666 flexuram

618 2706 784 2758 cubiti
928 2733 955 2744 -
1103 2732 1126 2745 -
1277 2723 1301 2736 -
1436 2725 1463 2737 -
1582 2726 1611 2738 -
1730 2728 1750 2737 ·
1778 2717 1824 2752 1.

535 2785 849 2858 Longitudo
890 2804 947 2841 ca
959 2787 1081 2859 pitis
1221 2809 1256 2820 -
1395 2805 1424 2820 ·
1570 2810 1596 2822 -
1730 2813 1751 2823 ·
1771 2796 1824 2840 0.
