2402 3329
815 248 970 354 &205ss
1012 242 1104 354 (ὲ)
1147 253 1168 317 )
1210 246 1364 317 &3³3⁰-
1822 242 1918 324 ‘17

229 400 543 460 tentandum
594 396 765 466 igitur
808 399 921 468 est,
984 415 1051 455 an
1112 414 1216 454 non
1266 397 1623 454 substitutione
1689 403 1917 473 quadam

225 489 363 542 facili
406 487 670 538 eiusmodi
716 485 989 538 intronuci
1058 493 1216 554 queat
1287 486 1596 555 quantitas,
1665 502 1797 555 quae
1856 490 1920 544 ad

224 569 667 644 fimpliciffimam
716 569 969 638 perducat
1007 568 1384 639 aequationem
1416 564 1686 623 finalem?
1729 571 1921 626 Osten-

222 657 303 711 dit
349 670 533 710 autem
579 650 680 705 cl:
726 651 888 705 huius
936 654 1308 707 dissertationis
1349 653 1577 722 audior,
1624 652 1662 706 si
1709 654 1922 712 summa

226 742 479 795 oxnnium
528 736 889 790 terminorum
935 739 1145 790 dicatur
1187 753 1241 801 a,
1283 737 1498 799 ‘summa
1535 739 1921 804 quadratorum

225 823 257 879 b
286 868 301 895 ,
345 825 531 879 deinde
578 837 710 883 vero
756 814 967 890 primus
1012 819 1281 875 terminus
1321 820 1397 873 xm
1439 831 1494 873 et
1540 818 1775 875 vltimus
1801 825 1921 894 ym,

227 925 328 979 pro
370 927 402 963 a
428 898 551 988 4}
577 936 628 945 ——
656 906 729 959 xm
755 907 898 972 ——ym
938 906 1172 961 substitui
1218 904 1359 977 poffe
1401 920 1434 958 u
1461 944 1476 972 ,
1519 916 1572 958 et
1618 918 1739 960 tum
1794 910 1920 980 qui·
1993 982 1997 983 ἶ

221 1004 347 1058 dem
392 1004 600 1059 calculo
641 1005 895 1071 absoluto,
939 1023 971 1059 u
1016 1009 1224 1075 semper
1252 1019 1348 1075 per
1373 1001 1710 1072 aequationes
1732 1003 1921 1063 facilli-

222 1104 340 1145 mas
383 1091 665 1158 exprimi,
735 1091 771 1141 s1
820 1092 967 1139 enim
1018 1089 1682 1146 numerus‚terminorum
1755 1089 1919 1145 fuerit

224 1189 359 1243 par,
407 1187 526 1225 tum
575 1172 766 1238 gradus
810 1172 1137 1239 aequ-ationis
1179 1171 1509 1236 incognitam
1554 1189 1586 1224 u
1630 1172 1918 1228 inuoluen-

227 1259 293 1309 tis
359 1258 700 1326 exprimetur
772 1266 869 1319 per
910 1267 1205 1304 numerum
1266 1251 1562 1306 dimidium
1630 1256 1747 1307 eius
1810 1272 1917 1326 quo

222 1353 485 1391 numerus
532 1335 898 1390 terminorum
944 1334 1294 1404 designatum
1362 1336 1440 1389 fin
1498 1352 1634 1390 vero
1687 1341 1916 1395 termini

203 1421 596 1492 *progreffionis
642 1421 1000 1488 geometricae
1046 1436 1281 1474 numero
1352 1422 1545 1491 impari
1590 1437 1916 1495 occurrant,

223 1506 566 1562 muletandus
613 1510 653 1558 is
694 1506 765 1559 est
812 1507 1017 1559 vnitnte
1045 1547 1061 1574 ,
1109 1520 1334 1567 tumque
1381 1506 1573 1565 ⁴residui
1618 1501 1914 1566 dimidium

225 1592 484 1662 capiendo
552 1590 826 1646 habebitur
870 1592 1062 1659 gradus
1104 1592 1435 1662 aequationis
1479 1607 1576 1659 per
1622 1607 1783 1663 quam
1832 1594 1915 1647 in·-

221 1677 431 1745 cognita
475 1693 507 1731 u
554 1676 959 1731 determinatur.
1047 1674 1136 1732 Sic
1210 1676 1246 1729 fi
1292 1689 1486 1730 notum
1539 1676 1603 1729 fit
1645 1679 1914 1733 termino-

219 1778 347 1815 rum
397 1775 687 1815 numerum
731 1758 830 1815 effe
883 1768 911 1815 8
945 1802 960 1830 ,
1003 1777 1035 1815 u
1079 1776 1173 1830 per
1217 1762 1586 1831 aequationem
1633 1760 1914 1833 biquadra-

221 1849 388 1900 ticam
430 1848 805 1917 exprimetur,
852 1845 1023 1898 simili
1065 1860 1245 1900 autem
1292 1848 1521 1912 ratione,
1568 1843 1604 1897 fi
1655 1851 1910 1901 numerus

223 1930 589 1985 terminorum
635 1934 698 1984 ad
748 1951 784 1999 9
827 1930 1096 1998 assurgat,
1163 1931 1413 2001 aequatio
1483 1931 1831 1985 inueniet-idae
1879 1947 1913 1986 u

224 2013 509 2068 inseruiens
555 2014 728 2069 adhuc
774 2018 875 2068 erit
918 2016 1297 2087 biquadratica,
1340 2014 1681 2085 aequationes
1723 2028 1911 2069 autem

224 2112 324 2165 pro
364 2115 396 2151 u
445 2100 681 2153 maxime
727 2099 959 2154 diuersae
1002 2100 1120 2153 sunt
1165 2099 1379 2167 indoli5‚
1424 2101 1604 2169 prouti
1650 2113 1912 2153 numerus

227 2180 587 2233 terminorum
633 2182 706 2233 est
749 2182 839 2233 vel
888 2199 981 2250 par
1027 2181 1117 2235 vel
1163 2181 1354 2249 impar.
1471 2183 1700 2235 quenta
1763 2185 1910 2238 deni-

224 2276 329 2331 que
372 2263 670 2330 quantitate
714 2280 783 2331 u,
829 2264 1202 2333 progressionis
1243 2262 1618 2320 Geometricae
1686 2266 1911 2323 termini

223 2369 412 2409 omnes
459 2358 803 2427 innotescunt,
846 2376 1019 2429 quum
1071 2360 1271 2414 scilicet
1296 2357 1361 2413 s1t
1387 2336 1910 2428 uza÷}-x⁷¹²—y⁷'²‚

224 2451 381 2509 atque
425 2455 691 2509 praeterea
719 2445 792 2551 ybm
807 2446 946 2499 -xm
963 2460 1033 2497 Ξ
1053 2462 1084 2498 2
1101 2435 1280 2519 γῦπε
1300 2435 1433 2514 -e²)
1459 2484 1475 2515 ,
1518 2443 1696 2519 posito
1740 2443 1908 2499 nimi—

226 2538 352 2577 rum
401 2542 788 2611 28:0-“3-.

302 2913 472 2972 Tom.
488 2918 624 2977 XV.
643 2919 788 2978 Non.
806 2923 1027 2981 Comm.
1353 2940 1386 2976 c
1805 2924 1905 2982 VI.
