2402 3329
271 2267 399 2313 Vires
452 2263 533 2310 hu-

550 199 669 252 540
810 256 814 258 ι
925 172 1829 238 OBSERVATIONES

545 335 772 392 tendinis
822 333 1003 406 portio
1033 373 1047 401 ‚
1092 345 1218 402 quae
1261 331 1316 386 in
1363 333 1615 402 'vaginam
1685 327 2003 383 antibrachii
2075 327 2222 394 abit,

542 436 752 493 praeter
793 418 942 475 illam
989 414 1189 471 vtilem
1235 417 1580 472 insertionem
1626 427 1806 469 totum
1835 409 2225 467 antibrachium

541 507 649 577 ipsa
693 505 792 559 hac
856 504 1124 557 mediante
1192 503 1384 571 vagina
1455 503 1509 555 in
1560 499 1776 568 singulis
1820 498 2027 570 punitis
2072 511 2227 549 com-

541 589 841 662 prehendit.
930 586 1144 643 Deinde
1192 603 1356 657 porro
1398 585 1833 641 considerandum
1881 586 1949 638 est
1977 623 1991 650 ,
2037 583 2091 635 in
2128 579 2230 633 ho-

545 674 695 729 mine
739 673 923 726 omnia
970 674 1130 740 longe
1169 671 1266 725 effe
1312 671 1588 737 debiliora,
1631 671 1929 735 tendinem,
1973 670 2066 738 qui
2106 679 2227 736 pro-

544 757 701 812 cessui
747 774 979 813 anconeo
1023 756 1272 809 inseritur
1299 797 1314 823 ,
1359 757 1644 824 vaginam,
1689 771 1792 825 qua
1837 750 2227 807 autibrachium

547 842 898 914 prehenditur
927 882 942 906 ‚
985 853 1037 891 et
1082 839 1386 907 processum
1433 855 1726 892 anconeum
1773 840 1964 909 ipsum.
2055 835 2247 898 Dent<

549 941 653 995 que
707 922 1162 992 propinquitatem
1233 920 1534 971 insertionis
1601 938 1859 976 anconeae
1922 922 1983 974 ad
2051 921 2232 991 hypo·

549 1005 826 1061 mochlion
871 1006 927 1058 in
973 1003 1199 1056 homine
1239 1003 1455 1072 quidem
1486 1043 1501 1071 ‚
1566 1015 1629 1056 vt
1682 1005 1787 1056 fere
1855 1006 2048 1072 vbique
2108 1003 2231 1057 fieri

547 1090 681 1146 solet
708 1134 722 1160 ‚
768 1105 952 1144 nocere
993 1086 1235 1144 facilitati
1281 1101 1502 1157 motu5‚
1567 1090 1621 1141 in
1678 1087 1833 1140 leone
1899 1102 2035 1140 vero
2079 1083 2262 1141 nullo,

550 1179 714 1232 modo
758 1177 932 1230 eidem
979 1171 1240 1229 obstaculo
1291 1170 1406 1225 effe.
1525 1170 1675 1224 Nam
1746 1171 1801 1223 in
1875 1168 2028 1225 leone
2097 1169 2236 1225 anti-

546 1262 829 1316 brachium
870 1261 927 1314 in
972 1272 1118 1330 parte
1158 1257 1415 1328 superiori
1461 1258 1587 1311 adeo
1632 1254 1889 1324 crassum,
1942 1269 2235 1326 praeterea-

546 1361 652 1418 que
698 1363 801 1401 vua
845 1360 975 1399 cum
1027 1359 1191 1397 manu
1237 1343 1364 1396 adeo
1405 1343 1566 1395 breue
1620 1341 1690 1394 est
1719 1384 1732 1407 ‚
1804 1353 1864 1394 vt
1910 1341 2092 1394 nullus
2133 1356 2237 1411 pro

545 1432 832 1487 insertione
873 1430 1092 1484 anconei
1138 1426 1290 1482 locus
1336 1428 1392 1480 in
1439 1427 1567 1481 vlna
1612 1425 1786 1497 aptior
1830 1427 2055 1496 reperiri
2097 1424 2234 1498 posse

546 1517 839 1583 videatur,
888 1515 1179 1587 quominus
1225 1501 1292 1565 ob
1334 1512 1685 1566 imminutam
1750 1523 1930 1564 motus
1995 1511 2245 1566 celerita-

548 1613 660 1655 tem
707 1600 921 1654 effecstus
966 1597 1188 1652 aetionis
1232 1613 1443 1667 quoque
1489 1597 1852 1650 imminuatur
1894 1612 2056 1667 quam
2115 1595 2238 1664 ille,

550 1685 642 1754 qui
691 1685 914 1752 propior
958 1679 1365 1750 hypomochlio
1405 1681 1495 1732 est.
1541 1680 1744 1750 Quibus
1788 1682 2035 1732 omnibus
2082 1696 2238 1732 com-

551 1767 756 1838 putatis
797 1779 1016 1837 apparet
1059 1763 1316 1834 quamuis
1359 1760 1574 1814 homini
1621 1772 1673 1812 et
1729 1759 1858 1828 feli,
1912 1763 2237 1832 caeterisque

550 1853 686 1904 forte
711 1850 1047 1915 animalibus,
1094 1846 1286 1899 similis
1307 1847 1477 1916 quoad
1504 1845 1843 1899 insertionem
1870 1859 2234 1899 anconeorum

551 1933 808 1988 structura
851 1931 962 1999 fit3
1012 1929 1165 1984 nullo
1210 1941 1386 1981 tamen
1427 1930 1591 1981 modo
1629 1928 1858 1981 eundem
1905 1930 2024 1982 inde
2075 1931 2236 1985 vsum

551 2018 845 2071 redundare
892 2014 1031 2087 poffe
1075 2016 1133 2069 in
1181 2011 1472 2065 exserendis
1537 2010 1783 2078 viribuS‚
1845 2014 1938 2082 qui
1985 2013 2042 2066 in
2086 2010 2238 2072 leone

553 2102 862 2157 obtinetur..

753 2251 925 2305 Vsum
974 2248 1135 2306 huius
1183 2249 1419 2308 musculi
1464 2251 1520 2303 in
1566 2248 1920 2319 superioribus
1965 2250 2078 2306 iam
2125 2246 2239 2308 (ὲκ-4

274 2334 337 2377 ius
358 2331 534 2378 musculi
558 2331 766 2406 plicui,
809 2336 898 2389 vbi
942 2337 1006 2389 de
1049 2337 1282 2393 ereciore
1349 2336 1577 2391 ceruicis
1641 2348 1694 2387 et
1753 2337 1813 2388 de
1880 2337 2083 2391 aestione
2150 2339 2237 2394 di-

275 2402 483 2443 maximas

279 2464 364 2509 esse
408 2481 537 2526 opor-

279 2538 356 2573 tet.

556 2420 893 2474 lacerationis
938 2422 1201 2489 agebatur.
1288 2422 1378 2477 De
1422 2419 1623 2474 viribus
1661 2423 1841 2474 addere
1888 2421 2085 2490 liceat,
2154 2436 2240 2477 eas

556 2522 717 2577 paene
760 2505 1087 2559 incredibiles
1139 2507 1362 2574 videri,
1406 2503 1444 2557 fi
1489 2504 1549 2556 ad
1594 2520 1776 2557 omnes
1820 2505 2051 2562 musculi
2111 2522 2239 2579 pro-

558 2593 808 2661 prietates
862 2592 1186 2660 attenderis;
1256 2589 1593 2659 Principium
1664 2588 1874 2659 largum
1947 2591 2277 2660 validumf

557 2690 669 2744 quo
718 2693 745 2728 a
788 2674 993 2746 scapula
1040 2672 1252 2729 oritur!
1301 2674 1545 2739 Insertio‚
1590 2687 1689 2734 qua
1734 2678 1794 2729 ad
1839 2675 2028 2731 vinam
2059 2675 2240 2747 appli-
2291 2680 2294 2683 ’

558 2770 708 2813 catur
735 2799 751 2830 ⁷
796 2774 896 2831 pro
942 2759 1152 2815 viribus
1191 2758 1460 2835 parcendis
1529 2754 1848 2832 vtiliffima,
1911 2761 2239 2830 infimulque

2098 2844 2235 2900 vali-
