2402 3329
494 188 1047 255 FLvmoRVM
1109 189 1528 250 LINEARI.
1750 202 1863 262 εις-,-

182 349 432 405 continuo
474 347 884 399 diminueretur.
976 343 1171 414 Neque
1213 358 1346 412 ergo
1414 341 1538 398 hinc
1578 344 1864 417 quicquam

183 437 318 493 certi
366 439 500 486 circa
546 449 706 504 aquae
752 431 1084 486 celeritatem
1131 432 1253 486 dato
1325 441 1576 502 tempore
1643 430 1863 485 effusam

186 522 337 578 statui
383 519 567 589 potest.

669 620 1216 700 Scholion
1331 648 1383 694 1.

387 763 483 821 56.
528 754 897 831 Quantumuis
941 754 1044 809 hoc
1117 756 1447 825 paradoxum
1518 762 1678 821 atque
1744 748 1889 802 adeo,

186 842 544 915 experientiae
589 845 924 897 contrarium
993 841 1286 906 videatur,
1340 851 1520 901 tamen
1586 830 1869 906 hypothesi

185 944 287 998 qua
333 930 609 982 statuimus
640 968 655 993 ‚
700 927 1016 998 preffionem
1065 927 1118 976 in
1165 928 1214 977 A
1262 937 1523 993 perpetuo
1562 929 1745 976 eadem
1809 917 1871 974 vi

186 1028 381 1082 aquam
426 1011 730 1081 propulsare
757 1049 774 1074 ‚
812 1021 1153 1077 quaecunque
1194 1008 1353 1056 fuerit
1417 1007 1530 1055 eius
1588 1005 1824 1055 celeritas
1854 1041 1870 1068 ‚

190 1096 404 1165 prorsus
449 1096 517 1146 est
561 1097 936 1166 contentanea‚
992 1102 1049 1141 ac
1099 1085 1138 1139 fi
1211 1087 1334 1142 tales
1401 1088 1541 1140 vires
1605 1087 1885 1159 applicare.

190 1181 375 1233 liceret
405 1218 420 1244 ,
465 1176 680 1230 nullum
725 1176 794 1227 est
837 1175 1052 1226 dubium
1083 1210 1098 1236 ,
1140 1173 1271 1239 quin
1317 1171 1481 1223 etiam
1528 1168 1612 1223 hic
1656 1171 1872 1226 effeetus

188 1280 375 1318 reuera
419 1262 481 1316 fit
524 1264 808 1315 secuturus.
851 1256 1028 1328 Quare
1056 1269 1195 1316 'cum
1243 1250 1344 1308 hoc
1389 1256 1442 1309 in
1486 1257 1641 1325 praxi
1689 1257 1869 1308 minus

192 1350 397 1404 eueniat
424 1384 438 1408 ,
479 1341 815 1396 iudicandum
864 1341 974 1404 est,
1016 1340 1163 1393 vires
1208 1354 1339 1408 quae
1384 1342 1446 1393 ad
1492 1357 1685 1409 aquam
1744 1354 1873 1411 pro·

190 1430 496 1500 pulsandam
545 1423 777 1479 adhiberi
819 1424 1024 1489 solent,
1091 1425 1403 1492 neutiquam
1447 1425 1562 1476 eius
1617 1424 1716 1478 effe
1783 1424 1869 1476 in-

188 1510 343 1577 dolis,
387 1522 448 1562 vt
491 1511 673 1564 eadem
721 1508 972 1579 preffione
1016 1518 1192 1575 agant,
1235 1522 1549 1578 quacunque
1593 1507 1870 1562 celeritate

186 1611 316 1667 aqua
360 1597 747 1664 progrediatur.
856 1588 991 1650 Satis
1063 1603 1246 1645 autem
1316 1592 1570 1665 superque
1633 1594 1870 1669 eonfiat,

183 1690 370 1733 omues
414 1683 554 1734 vires
586 1705 620 1747 ‚-
645 1695 776 1752 quae
820 1680 882 1733 ab
926 1678 1267 1745 hominibu5‚
1312 1680 1625 1733 animalibus
1649 1663 1676 1746 ‚¹
1708 1694 1872 1748 aquae

186 1762 336 1818 fluxu
380 1777 433 1819 et
476 1779 642 1820 vento
683 1764 798 1838 peti
842 1764 1009 1823 solent
1036 1764 1181 1830 fita
1224 1763 1321 1817 ess'e
1364 1775 1692 1836 comparatas
1720 1802 1736 1829 ,
1807 1772 1874 1819 vt

183 1849 333 1907 auita
379 1851 655 1905 celeritate
699 1850 1042 1906 debilitentur
1076 1892 1091 1918 ‚
1136 1867 1194 1904 ac
1251 1851 1467 1907 tandem
1536 1849 1871 1905 euanescant.

182 1928 604 2009 Quantacunque
627 1938 773 1990 enim
804 1937 867 1990 fit
897 1937 1219 1991 huiusmodi
1239 1936 1321 1990 vis
1345 1935 1552 1993 obiesto
1584 1934 1872 2007 quiescenti

184 2012 445 2093 :spplicata
473 2063 488 2087 ‚
533 2021 709 2074 statim
753 2031 913 2088 atque
960 2020 1065 2073 hoc
1110 2021 1389 2073 obietstum—
1445 2036 1737 2083 mouetur,
1808 2009 1883 2070 ea‘

186 2108 366 2161 minor
414 2103 612 2164 euadit,
651 2115 811 2167 quare
859 2101 987 2152 tales
1028 2102 1172 2153 vires
1217 2119 1327 2154 non
1371 2103 1603 2156 absolute
1642 2100 1872 2156 definire

189 2189 363 2254 licet,
435 2185 516 2238 sed
584 2198 771 2236 earum
840 2183 1103 2253 quantitas
1170 2201 1272 2254 pro
1331 2188 1523 2253 quouis
1581 2187 1872 2241 celeritatis

189 2275 357 2343 gradu
404 2285 512 2340 quo
554 2283 760 2338 agunt,
823 2267 1041 2322 seorsim
1109 2270 1263 2324 debet
1298 2259 1694 2329 ¹determinari.
1782 2267 1884 2325 Ita‘

191 2357 228 2411 fi
278 2370 536 2426 ponamus
576 2351 851 2408 machinae
883 2394 899 2422 ,
946 2371 1050 2425 qua
1116 2342 1258 2426 aqua*
1313 2370 1412 2423 per
1479 2357 1674 2410 tubum
1742 2372 1873 2428 pro-

192 2432 411 2512 pellitur
439 2482 453 2509 ‚
495 2439 761 2496 eiusmodi
802 2441 922 2492 vim
974 2441 1072 2496 effe
1142 2439 1466 2513 applidatam
1533 2459 1690 2512 quae.
1735 2429 1875 2495 dum

194 2526 461 2580 celeritate
505 2540 630 2579 :c
675 2537 959 2595 operatur,
1003 2525 1230 2595 aequalis
1281 2524 1355 2578 fit.
1415 2528 1640 2596 ponderi
1691 2533 1872 2595 'aquae

197 2612 346 2666 cuius
392 2611 651 2666 volumen
699 2611 763 2666 fit
805 2610 993 2665 :Vt
1036 2625 1194 2681 atque
1249 2598 1556 2664 machinam
1631 2612 1703 2665 ita
1772 2611 1872 2664 effe

198 2697 557 2763 instructam,
622 2704 996 2771 vt‘perpetuo
1064 2697 1164 2765 hac
1229 2696 1490 2766 celeritate
1554 2702 1703 2752 :zc'
1749 2705 1875 2765 agat

199 2780 254 2836 id
295 2783 438 2855 quod
504 2780 733 2854 semper·
769 2789 880 2857 ope
933 2797 1176 2838 rotarum
1242 2781 1364 2839 fieri
1428 2773 1614 2859 pot'e‘st.
1723 2780 1872 2838 Cum

313 2881 317 2885 ’
922 2864 1016 2922 Ll
1059 2889 1093 2926 2
1760 2867 1873 2922 iam
