2402 3329
482 211 602 254 222
857 283 859 285 Ι
1000 190 1184 250 DE
1273 191 1622 256 MOTV

476 354 714 416 queant,
787 355 966 400 tamen
1038 344 1205 400 etiam
1275 345 1327 399 in
1398 344 1537 400 tubis
1601 343 1719 399 satis
1785 339 1984 414 amplis
2053 336 2173 395 fier-i

480 427 648 501 potest
676 469 689 495 ‚
734 418 812 482 vt'
842 445 1021 484 motus
1064 431 1213 485 fluidi
1259 432 1409 484 istam
1458 431 1636 498 legem
1678 430 1923 502 sequatur
1951 467 1969 495 ,
2034 424 2169 487 hoc-

476 530 581 585 que
660 514 774 565 casu
864 516 1161 567 istiusmodi
1229 516 1395 574 etiam
1508 527 1736 580 motae,
1821 513 2175 586 quantumvis

476 598 589 651 tubi
639 598 836 650 fuerint
882 596 1089 666 ampli,
1139 597 1281 651 reste
1336 595 1398 649 ad
1469 610 1685 649 motum
1753 597 2020 655 linearem
2085 613 2173 651 re·

476 682 737 737 fertmtnr.
790 681 939 756 Quin
987 683 1155 735 etiam
1201 680 1297 736 etsi
1345 691 1527 734 motus
1568 682 1629 736 ab
1671 680 1769 738 hac
1812 681 1928 753 lege
1955 699 2171 755 parum-

480 782 580 839 per
625 770 878 837 recedat,
926 767 977 820 in
1047 767 1200 837 praxi
1262 764 1362 822 hoc
1429 765 1714 821 discrimen
1783 771 1883 824 vix
1950 768 2174 842 ipectari

474 851 614 907 solet
643 894 657 921 ,
699 866 754 908 et
793 851 1154 909 conclusiones
1199 867 1267 906 ex
1308 849 1518 908 calculo
1563 853 1814 909 deductae
1862 870 1959 925 pro
2030 852 2173 908 veris

475 938 730 1007 proxime
776 936 1075 1001 habentur,
1143 939 1471 1007 experientia
1537 954 1644 992 non
1712 925 2010 994 admodum
2083 953 2172 990 re-

473 1021 752 1074 clamante.
839 1020 924 1072 Ita
969 1018 1201 1071 effluxus
1267 1034 1428 1087 aquae
1470 1033 1538 1069 ex
1603 1021 1742 1072 vasis
1809 1026 1977 1079 etiam
2051 1038 2175 1075 am..

475 1102 727 1174 pliffimis
767 1118 859 1172 per
899 1103 1138 1157 foramen
1186 1101 1348 1155 fastus
1388 1116 1454 1154 ex
1498 1099 1581 1152 his
1629 1103 1909 1174 principiis
1958 1107 2032 1159 ita
2075 1104 2175 1156 de-

473 1187 623 1243 finiri
673 1188 844 1256 solet,
911 1201 971 1242 vt
1020 1189 1115 1241 vix
1182 1187 1329 1241 vllus
1387 1185 1639 1241 diffensus
1705 1188 1765 1242 ab
1829 1187 2172 1260 experientia

473 1275 850 1347 percipiatur,
896 1287 1052 1344 atque
1098 1273 1225 1326 adeo
1269 1289 1297 1327 a
1343 1274 1571 1325 veritate
1610 1287 1676 1325 eo
1723 1273 1904 1328 minus
1960 1275 2173 1330 aberra-

477 1372 570 1414 tur
603 1402 618 1429 ,
661 1375 770 1430 quo
819 1361 996 1411 minus
1050 1358 1214 1411 fuerit
1272 1360 1555 1425 foramen,
1625 1373 1749 1411 cum
1820 1375 1998 1418 tamen
2069 1358 2175 1416 hoc

473 1446 593 1502 casu
666 1457 775 1501 tota
818 1441 953 1497 vasis
1002 1443 1152 1497 strata
1197 1442 1260 1495 ad
1305 1442 1645 1498 diretftricem
1696 1445 1958 1499 normalia
2026 1454 2173 1505 certe

475 1546 587 1586 non
633 1530 915 1583 communi
966 1544 1123 1584 motu
1171 1528 1426 1583 ferantur.
1483 1529 1689 1581 Verum
1739 1527 1826 1584 hic
1884 1528 2176 1585 commode

477 1617 574 1672 vsu
617 1618 766 1669 venit
796 1656 811 1681 ‚
863 1628 920 1668 vt
965 1616 1098 1669 vasis
1143 1614 1320 1684 figura
1361 1630 1429 1671 ex
1474 1614 1686 1669 calculo
1731 1614 1792 1668 ad
1838 1614 2008 1672 finem
2057 1630 2176 1686 per-

475 1699 642 1756 duero
688 1701 886 1754 iterum
935 1704 1283 1768 egrediatur,
1350 1700 1685 1763 eteffluxus
1749 1704 1940 1757 eodem
2015 1702 2180 1758 modo

480 1783 600 1839 fieri
644 1783 1089 1856 deprehendatur,
1135 1803 1192 1840 ac
1238 1785 1275 1838 fi
1324 1803 1416 1841 vas
1462 1802 1647 1841 reuera
1693 1784 1909 1843 haberet
1935 1787 2174 1854 figuram

477 1870 548 1924 ‘ad
594 1870 820 1923 modum
886 1866 1149 1924 linearem
1214 1874 1697 1925 accommodatam·
1800 1868 1920 1925 Etfi
1990 1878 2173 1920 autem

477 1953 608 2009 haec
656 1966 837 2008 motus
880 1952 1092 2007 linearis
1139 1952 1493 2007 consideratio
1554 1947 1948 2019 ampliffimum
2017 1949 2178 2010 habet

475 2039 668 2106 issum,
709 2051 891 2092 tamen
935 2040 1062 2108 quia
1103 2039 1158 2090 in
1203 2039 1343 2090 tubis
1384 2034 1735 2104 amplioribus
1779 2048 1963 2088 motus
2006 2032 2174 2089 aliam

476 2122 658 2192 legem
725 2122 964 2192 sequitur
996 2163 1013 2189 ‚
1085 2121 1224 2174 vnde
1289 2117 1682 2179 aberrationeS,
1753 2116 2004 2183 quamuis
2075 2120 2176 2176 vix

475 2211 769 2265 sentiantur
800 2247 814 2273 ,
859 2206 993 2261 nasci
1042 2206 1272 2271 debent,
1317 2203 1516 2258 nostras
1557 2196 1990 2267 inuestigationes
2054 2215 2174 2257 tan-

475 2306 607 2348 tum
652 2295 714 2347 ad
760 2291 911 2346 tubos
956 2289 1342 2361 angustissimos
1385 2286 1571 2343 referri
1615 2287 1937 2351 conueniet,
1984 2302 2176 2357 quam-

481 2378 550 2430 ob
583 2378 788 2432 causam
834 2378 996 2430 etiam
1044 2390 1249 2444 motuS,
1293 2389 1426 2447 quos
1470 2369 1561 2425 hic
1608 2371 1728 2424 sum
1753 2369 2174 2431 consideraturus

481 2459 701 2518 lineares
750 2462 949 2518 vocaui.

957 2570 1515 2654 Scholion
1626 2595 1693 2667 3.

686 2725 741 2772 6.
789 2717 1067 2774 Tractatio
1107 2713 1237 2768 haec
1281 2713 1551 2782 ingentem
1598 2709 1829 2768 includit
1853 2711 2169 2769 varietatem

483 2814 554 2860 ex
598 2801 854 2859 tuborum
896 2803 1072 2874 figura
1116 2798 1449 2870 oriundam,
1510 2795 1762 2873 primum
1827 2815 1960 2872 ergo
2016 2801 2170 2855 tubos

2040 2896 2166 2937 con-
