2402 3329
678 236 1448 300 EXPOSITIO.
1759 260 1876 312 473

202 410 269 455 ‘vt
333 398 613 455 secundum
683 391 1041 447 neceffitatem
1097 389 1301 448 molem
1346 401 1399 445 et
1445 391 1878 461 magnitudinem

206 486 420 558 praedae
486 497 584 552 pro
658 479 830 533 lubitu
896 479 1111 534 extendi
1175 489 1229 530 et
1297 476 1626 533 mandibulae
1689 479 1880 533 adduci

207 569 371 640 possit.
477 566 734 620 Extendit
800 575 981 618 autem
1049 560 1405 617 Onocrotalus
1449 561 1657 616 saccum
1729 561 1879 615 hami

199 651 418 705 adinstar
445 691 458 716 ‚
501 664 554 703 et
598 646 839 717 deglutit.
976 651 1111 702 Irata
1154 646 1448 700 hominum
1498 660 1684 698 manus
1732 646 1882 714 pedes

199 751 299 805 que
355 737 508 788 ferire
576 733 844 794 intendit,
914 744 1142 803 tuncque
1212 727 1579 784 mandibulam
1655 729 1886 800 superio-

200 833 315 871 rem
361 820 598 873 inferiori
651 817 863 872 fortiter
932 817 1151 887 allidit,
1214 828 1278 870 vt
1348 815 1569 884 insignis
1636 815 1882 885 strepitus

202 904 418 959 oriatur.
1208 943 1210 945 »

395 991 443 1042 Α
493 986 803 1056 plumagine
843 985 1031 1037 frontis
1073 987 1136 1038 ad
1201 982 1437 1036 nucham
1505 983 1737 1052 spatium
1805 983 1879 1038 est

208 1087 239 1136 3
287 1086 338 1125 et
383 1079 423 1134 ζῇ
470 1071 751 1141 pollicum.
863 1065 1039 1137 Caput
1085 1066 1241 1138 plane
1285 1066 1582 1120 anserinum
1631 1067 1693 1119 ad
1737 1067 1881 1119 fron-⁴

201 1168 312 1208 tem
388 1172 492 1208 non
559 1153 697 1208 nihil
767 1151 1160 1217 rotundatum,
1228 1151 1283 1202 in
1349 1151 1550 1203 vertice
1615 1150 1834 1220 planum
1867 1175 1891 1220 ‚-

201 1240 376 1292 versus
427 1238 658 1291 micham
705 1235 863 1291 latius
907 1236 1185 1301 adsurgens
1213 1273 1228 1301 ,
1274 1233 1334 1285 ad
1379 1232 1560 1287 oculos
1606 1234 1827 1303 planum
1860 1274 1877 1304 ‚

201 1338 445 1379 mentum
492 1324 666 1376 versus
708 1319 921 1386 oblique
967 1317 1141 1373 latius,
1271 1317 1526 1372 Mentum
1572 1318 1746 1389 ipsum
1789 1319 1875 1371 la-

201 1407 505 1473 tiffimum,
571 1419 621 1458 et
687 1402 726 1454 fi
794 1403 1000 1454 saccum
1072 1405 1494 1474 propendentem
1570 1405 1878 1473 exceperi5‚

193 1495 418 1546 omnino
461 1492 703 1563 pianum.
792 1486 956 1559 Caput
1001 1499 1054 1540 et
1094 1488 1262 1541 collum
1293 1486 1440 1541 villis
1470 1488 1674 1559 potius,
1703 1504 1873 1558 quam

193 1573 396 1647 plumis
440 1575 585 1628 testa.
672 1570 808 1627 Illud
847 1573 1203 1643 compressum
1234 1611 1252 1637 .,
1313 1572 1610 1641 oblongum
1639 1615 1653 1641 ‚
1698 1572 1873 1645 scapis

190 1674 485 1731 pennarum
531 1658 684 1711 fuscis
710 1697 724 1724 ,
766 1657 905 1711 raclio
945 1657 1141 1728 densO,
1188 1656 1307 1710 albo
1339 1696 1355 1725 ‚
1421 1658 1600 1709 versus
1665 1658 1876 1726 apicem

188 1741 469 1814 spestante.
553 1729 759 1816 Occiput
803 1742 1095 1797 cristatum.
1185 1741 1356 1796 Aures
1398 1741 1545 1794 freno
1596 1740 1706 1795 oris
1770 1739 1875 1812 situ

190 1827 468 1899 parallelae
498 1868 512 1896 ‚
555 1829 830 1882 anserinae.
921 1827 1132 1902 Dorsum
1177 1826 1231 1880 in
1277 1825 1591 1898 quibusdam
1637 1824 1875 1880 cinereo-

193 1911 424 1965 albidum
453 1953 467 1979 ‚
516 1912 569 1964 in
613 1914 729 1968 aliis
774 1911 1082 1968 candidum.
1167 1911 1456 1984 Vropygium
1503 1910 1716 1980 album,
1756 1926 1878 1965 cau-

190 1990 258 2045 da
302 1995 613 2050 subrotunda
643 2038 657 2063 ‚
700 1996 1005 2050 restricibus
1055 2010 1148 2044 22.
1198 1995 1324 2046 albis
1353 2034 1368 2059 ,
1428 1994 1679 2046 lateribus
1724 1994 1874 2046 fuscis

168 2091 249 2128 -et
292 2077 352 2129 ad
397 2079 595 2146 apicem
640 2075 876 2128 cinereis.
968 2075 1203 2141 Remiges
1256 2080 1346 2137 56.
1417 2076 1637 2128 extimis
1703 2077 1870 2129 maio-

196 2159 338 2214 ribus
367 2195 380 2221 ,
427 2161 578 2211 tertia
625 2155 921 2223 longissima
952 2197 966 2223 ‚
1012 2156 1172 2226 scapis
1213 2158 1472 2210 omnium
1516 2158 1641 2211 atris
1668 2197 1682 2223 ‚
1742 2159 1872 2214 late-

196 2260 256 2299 re
301 2244 561 2295 anteriore
606 2241 809 2311 nigri5‚
876 2242 1167 2312 posteriore
1218 2241 1333 2294 albo
1389 2243 1646 2313 nigroque
1709 2242 1873 2297 dimi-

192 2326 389 2394 diam,
436 2327 589 2395 nigro
643 2326 1094 2397 praedominante.
1221 2325 1400 2396 Vsque
1467 2327 1529 2380 ad
1596 2327 1866 2396 remigem

196 2413 438 2468 ociauam
483 2411 698 2478 nigredo
736 2411 1030 2481 praeualet‚
1073 2411 1235 2465 latere
1277 2410 1404 2463 adeo
1442 2411 1718 2478 interiore,
1744 2423 1866 2465 tum

196 2511 375 2550 autem
422 2495 565 2549 albus
608 2506 830 2565 augetur
873 2497 1061 2564 color,
1126 2508 1188 2550 vt
1232 2495 1433 2549 mediae
1480 2498 1713 2551 minores
1783 2510 1867 2551 to·

196 2593 275 2634 tae
321 2581 556 2634 candidae
608 2583 873 2650 euadant,
938 2597 992 2636 et
1058 2581 1286 2634 vltimae
1364 2579 1566 2635 iterum
1636 2580 1867 2638 maiores

196 2666 372 2719 colore
414 2680 439 2715 e
484 2667 623 2719 fusco
678 2667 886 2721 cinereo
953 2668 1256 2735 tinguntur.
1387 2664 1646 2720 Tearices
1712 2667 1864 2737 supra

195 2749 374 2802 colore
419 2748 551 2802 dorfi
582 2791 596 2816 ,
652 2752 779 2804 infra
827 2753 1075 2808 candidae
1104 2792 1120 2819 ‚
1187 2767 1363 2824 neque
1406 2767 1537 2806 vero
1583 2750 1635 2802 in
1681 2750 1865 2807 colore

197 2836 357 2888 totius
400 2836 632 2903 corporis
674 2838 964 2891 constantia
1010 2837 1180 2894 datur.
1312 2836 1515 2890 Variat
1556 2833 1864 2909 plurimum

275 2917 962 2980 Tom.XV.NOU.Comm.
1225 2917 1283 2977 O
1313 2938 1348 2978 o
1369 2938 1403 2977 o
1700 2931 1865 2977 aetate
