2402 3329
535 232 656 295 536
907 224 1837 288 OBSERVATIONES

244 397 468 448 strussura
713 377 778 434 In
820 376 923 436 fele
963 380 1226 437 struftura
1268 381 1472 437 diuersa
1519 382 1602 438 est.
1734 377 1942 433 Tenuis
2009 374 2216 434 lamina

246 470 338 513 eius
371 471 416 513 in
529 480 719 521 carnea
766 482 794 519 a
839 466 942 523 basi
988 468 1224 538 scapulae
1270 470 1599 539 praecipue,
1666 478 1788 520 tum
1831 479 1886 519 et
1934 463 2079 517 fibris
2124 463 2218 517 de-

242 534 345 583 fele.
526 550 802 605 bilioribus
847 568 876 605 a
921 553 1092 621 spinae
1139 567 1286 625 parte
1347 552 1592 607 inferiori
1661 564 1779 606 orta
1850 548 2217 604 tenuiffimam

528 641 631 709 pro
676 637 864 706 vagina
911 639 1279 692 membranam
1325 637 1595 710 producit.
1706 634 1809 691 Sed
1849 635 1910 689 ab
1976 635 2219 689 acromio

528 722 814 792 peculiaris
865 722 1136 777 musculus
1178 725 1397 792 oritur,
1441 721 1859 777 subuentricofus
1891 760 1908 788 ‚
1975 734 2004 771 a
2045 717 2221 791 priori

527 807 683 876 plane
728 804 994 877 separatus
1024 847 1039 873 ,
1081 810 1179 876 qui
1225 821 1369 861 totus
1407 808 1464 861 in
1507 809 1712 878 spinam
1757 803 1974 862 humeri
2017 802 2222 880 transit,

525 906 621 941 nec
670 891 964 960 quidquam
1012 890 1075 941 ad
1120 891 1376 960 vaginam
1421 893 1736 946 contribuit.

244 1058 487 1098 Anconeus
729 1049 1018 1105 Anconeus
1064 1044 1293 1116 denique
1339 1059 1557 1114 magnus
1601 1042 1881 1113 sequitur,
1939 1059 2102 1115 quem
2149 1046 2222 1099 sa—

239 1136 428 1178 magnus
530 1148 595 1185 ne
638 1131 697 1186 vi
743 1148 905 1203 aeque
934 1172 949 1199 ,
996 1148 1097 1203 qua
1149 1130 1322 1202 pollet
1353 1170 1368 1196 ,
1424 1145 1482 1184 ac
1533 1130 1814 1196 munem,
1883 1145 1995 1200 quo
2037 1130 2223 1198 fungi*-

239 1181 511 1300 ssffgxssffi)
536 1230 623 1271 tur
650 1257 665 1283 ‚
738 1217 1052 1288 praestantia
1083 1257 1098 1283 ‚
1157 1215 1463 1288 principem
1511 1216 1565 1268 in
1612 1228 1732 1269 toto
1776 1230 2007 1287 corpore
2051 1214 2222 1269 leonis

189 1310 193 1314 ’
500 1289 834 1357 'mu-sculum
893 1302 991 1355 effe
1055 1302 1331 1368 arbitror,
1399 1316 1563 1370 quem
1633 1316 1738 1354 vna
1813 1313 1940 1354 cum
1988 1299 2225 1355 erestore

530 1389 754 1442 ceruicis
802 1385 973 1442 solum
1020 1401 1268 1440 naturam
1313 1387 1551 1458 curasse,
1611 1386 1782 1440 solum
1828 1383 2027 1440 ornasse
2070 1386 2224 1439 dixe·

531 1473 624 1526 ris.
716 1473 813 1526 Vis
856 1474 1073 1542 quidem
1120 1489 1228 1525 non
1273 1488 1377 1525 vna
1419 1474 1570 1524 causa
1629 1473 1699 1525 est
1732 1499 1757 1534 ‚·
1810 1487 1908 1524 cur
1978 1471 2223 1525 maxima

529 1557 661 1611 huic
705 1558 952 1611 musculo
995 1559 1354 1624 attribuatur,
1399 1557 1482 1609 vti
1529 1557 1583 1609 in
1633 1557 1957 1627 sequcntibus
1997 1556 2223 1628 patebit3

534 1653 758 1694 munere
799 1654 979 1694 autem
1029 1640 1292 1708 insignem
1340 1639 1480 1704 effe,
1536 1641 1685 1694 facile
1729 1642 1940 1706 cred-AS,
2007 1640 2047 1693 fi
2093 1657 2224 1694 con·

532 1723 838 1778 fideraueris
870 1764 884 1789 ,
953 1721 1095 1775 hunc
1151 1737 1280 1775 cum
1328 1721 1564 1774 erediore
1604 1723 1824 1775 ceruicis
1868 1723 2222 1792 praecipuum

531 1808 954 1863 instrumentum
1023 1807 1165 1875 effe,
1226 1822 1334 1877 quo
1403 1806 1657 1860 animalia
1727 1805 1811 1859 leo
1873 1806 2067 1860 occidit
2113 1807 2222 1867 (cui

526 1891 710 1944 tamen
782 1891 1083 1962 prouinciae
1152 1889 1245 1943 ilie
1313 1890 1550 1942 maxime
1598 1891 1885 1960 praefee’cus
1929 1891 2027 1942 effe
2075 1893 2225 1946 vide*-

527 1970 641 2047 tur)
679 1976 934 2046 cuiusque
977 1974 1134 2027 vnice
1173 1973 1381 2026 virtute
1424 1971 1628 2024 fretum
1671 1974 1778 2029 hoc
1813 1974 2015 2030 animal
2051 1977 2223 2031 audax

528 2059 670 2115 nihil
713 2078 820 2116 non
866 2059 1175 2130 aggreditur
1215 2055 1518 2125 vincitque.

245 2221 348 2270 Eius
370 2219 511 2280 origo.
729 2207 834 2263 Ille
879 2206 1059 2261 oritur
1107 2203 1252 2259 fibris
1301 2202 1501 2258 carneis
1546 2201 1633 2255 sub
1701 2205 1947 2261 musculo
2016 2206 2223 2261 tensore

535 2293 757 2360 vaginae
800 2290 1096 2345 humeralis
1143 2306 1170 2343 a
1215 2290 1353 2344 cosia
1400 2285 1670 2358 scapulae,
1715 2292 1872 2343 cuius
1916 2293 2221 2366 maximam

533 2378 750 2451 quidem
794 2389 1000 2449 partem
1069 2374 1406 2447 principium
1477 2371 1581 2425 hoc
1656 2375 1884 2429 musculi
1951 2389 2221 2447 occupat,

532 2477 597 2519 Vt
642 2474 826 2536 quarta
871 2463 1082 2518 circiter
1132 2473 1250 2531 pars
1293 2459 1410 2513 eius
1454 2457 1633 2513 versus
1673 2459 1813 2516 basin
1871 2460 2035 2516 libera
2112 2477 2224 2515 ma-

533 2564 653 2604 neat
726 2565 825 2621 pro
881 2546 1184 2604 adhaesione
1252 2544 1505 2599 teretium
1577 2546 1968 2601 musculorum.
2099 2546 2220 2602 Iam

533 2637 836 2690 notandum
882 2635 954 2690 est
982 2674 997 2701 ,
1058 2631 1194 2686 hanc
1236 2630 1433 2685 costam
1482 2626 1725 2699 scapulae
1769 2633 1823 2685 in
1883 2631 2037 2687 leone
2101 2632 2223 2687 lon-

533 2720 743 2789 giorem
789 2719 887 2773 effe
930 2735 1030 2792 pro
1077 2714 1326 2790 portione
1372 2711 1703 2785 reliquarum
1749 2718 1993 2792 partium
2056 2726 2219 2791 quarn

2162 2815 2218 2853 m
