2402 3329
485 171 1024 235 FLVIDORVM
1096 173 1514 236 LINEARI.
1719 198 1839 253 309

167 330 434 403 Quoniam
500 341 630 377 vero
702 327 755 377 in
831 328 980 397 praxi
1049 327 1231 380 eadem
1299 328 1383 380 vis
1432 343 1535 398 qua
1574 344 1707 400 aqua
1751 347 1843 400 per

168 419 352 470 tubum
395 409 756 483 propellitur,
800 413 961 465 etiam
1010 427 1202 482 aquam
1245 415 1507 466 continuo
1552 415 1604 466 in
1652 418 1844 470 tubum

167 498 490 569 suppeditare
555 496 743 561 debet,
811 510 1067 567 quatenus
1133 496 1222 552 hic
1291 498 1485 568 duplex
1530 499 1746 552 effeehls
1787 499 1848 553 ab

167 584 346 637 eadem
391 583 535 634 causa
581 583 934 648 producitur,
985 583 1038 635 in
1087 583 1240 636 Vsum
1291 584 1586 651 practicum
1634 600 1848 640 accura-

170 669 271 721 tius
311 665 381 718 est
422 665 859 733 inuestigandum.
971 666 1116 721 Cum
1165 667 1338 734 igitur
1380 665 1669 720 autharum
1750 685 1851 739 ope

169 767 297 821 aqua
346 762 452 803 tam
501 752 558 802 in
603 750 794 806 tubum
839 748 1074 818 attrahi,
1143 767 1301 821 quam
1359 767 1455 821 per
1521 766 1648 804 eum
1721 769 1848 822 pro-

171 835 296 908 pelli
343 834 544 903 soleat,
589 834 717 890 huic
768 838 1159 903 inuestigarioni
1193 877 1208 904 ,
1254 851 1389 907 quae
1434 835 1488 889 in
1538 838 1688 907 praxi
1735 853 1850 891 am-

171 920 466 993 pliffimum
513 919 665 975 habet
709 924 865 975 Vsum
898 961 914 988 ,
956 933 1114 990 caput
1157 919 1420 991 peculiare
1466 921 1808 976 destinamus.

600 1199 1152 1296 CAPVT
1269 1199 1426 1292 IV.

941 1382 1080 1439 DE

186 1499 989 1572 ELEVATIONE
1078 1502 1479 1597 AQVAE
1562 1502 1837 1575 ANT--

624 1596 1081 1669 LIARVM
1166 1596 1402 1666 OPE.

683 1769 1074 1850 Problema
1190 1796 1318 1884 57.

370 1928 498 1968 101.
543 1906 598 1967 Si
643 1912 798 1967 tubus
842 1914 1173 1984 cylindricus
1212 1914 1258 1970 B
1283 1913 1316 1969 h
1341 1912 1439 1970 Cc
1506 1913 1727 1970 inferius
1790 1913 1851 1969 ad
1891 1909 2008 1987 Tab.
2042 1916 2099 1960 V.

170 1991 278 2045 Aa
321 1995 671 2048 vehementer
713 2000 1007 2065 ampliatus
1059 2017 1227 2069 aquae
1299 2001 1555 2066 stagnanti
1626 2000 1728 2051 Ee
1789 1998 1856 2050 fit
1887 1982 1990 2038 F1g.
2020 1992 2087 2034 57·

169 2076 493 2144 immersus,
560 2079 613 2126 in
657 2092 824 2142 eoque
874 2079 1116 2130 embolus
1167 2080 1210 2128 P
1237 2080 1336 2130 Oo
1377 2082 1490 2131 data
1535 2081 1594 2132 vi
1642 2079 1884 2133 sursum¹

172 2158 416 2212 trahatur
444 2195 459 2221 ,
524 2169 587 2210 vt
646 2157 713 2209 ob
762 2159 1070 2227 preffionem
1116 2160 1511 2232 atmosphaerae
1552 2179 1680 2233 aqua
1728 2181 1861 2218 con-

172 2245 329 2297 tinuo
373 2239 602 2298 succedat
629 2282 646 2310 ,
691 2239 836 2294 hunc
879 2260 1042 2316 aquae
1087 2257 1304 2300 motum
1347 2249 1571 2301 ascensus
1618 2245 1856 2307 definire.

767 2386 1242 2466 Solutio.

370 2515 568 2585 Elapso
635 2525 880 2588 tempore
947 2531 969 2571 t
1035 2516 1280 2574 embolus
1349 2535 1474 2575 cum
1541 2535 1676 2594 aqua
1746 2520 1859 2574 iam

175 2601 415 2658 eleuatus
458 2602 521 2656 fit
565 2602 626 2655 ad
669 2600 1014 2661 altitudinem
1061 2603 1105 2659 C
1132 2608 1180 2657 O
1208 2625 1272 2659 Ξ
1301 2620 1366 2674 963
1423 2605 1589 2675 fitque
1654 2605 1861 2675 ampli-

178 2689 308 2742 tudo
354 2686 463 2740 tubi
507 2686 792 2763 Oozff,
837 2703 892 2745 et
936 2689 1174 2745 celeritas
1243 2703 1354 2743 tam
1422 2690 1624 2745 emboli
1697 2706 1862 2760 quam

177 2787 335 2846 aquae
377 2769 691 2828 ascendentis
738 2793 885 2834 zv.
976 2775 1071 2828 Vis
1117 2788 1302 2830 autem
1347 2775 1621 2833 embolum
1655 2777 1862 2830 surium

987 2859 1098 2936 Qq
1147 2878 1178 2933 3
1665 2860 1865 2917 tollens
