2402 3329
632 199 1402 260 ANATOMICAE.
1740 221 1854 273 527

179 357 434 429 apophysi
482 353 776 410 coracoidea
826 352 1058 422 scapulae
1101 354 1386 420 oriuntur,
1460 357 1694 424 paralleli
1764 360 1855 411 de-

177 458 402 496 currunt
448 440 537 494 osii
587 439 802 491 humeri
847 440 1126 506 cubitoque
1167 440 1383 492 extenso
1432 481 1443 502 ,
1494 441 1543 491 in
1619 459 1854 512 eumque

175 531 477 583 inseruntur
519 526 576 577 ad
622 524 884 592 angulum
933 525 1187 576 omnium
1243 524 1644 591 acutiilimum3
1714 530 1853 580 vnde

173 611 411 665 cubitum
481 609 683 663 nonnisi
753 626 878 662 cum
951 611 1190 661 maxima
1254 609 1568 663 difficultate
1628 625 1854 663 mouere

170 699 378 767 possunt
421 696 475 746 in
522 710 625 766 qua
675 693 986 750 difficultate
1033 694 1319 763 superanda
1369 710 1557 762 magna
1607 711 1720 764 pars
1766 696 1858 747 vi-

173 782 313 833 rium
382 780 738 833 consumitur.
851 781 907 835 Si
977 795 1107 832 veto
1173 796 1201 832 a
1262 782 1436 833 sterno
1480 780 1648 834 flexor
1688 781 1852 833 cubiti

171 867 422 931 aduenit,
468 866 522 918 in
570 867 784 919 radium
831 869 1112 918 extensum
1160 864 1419 932 impingit
1466 867 1525 918 ad
1568 864 1854 932 angulum,

170 949 210 1001 si
257 950 533 1003 brachium
586 949 791 1002 thoraci
843 945 1157 1015 parallelum
1207 956 1450 998 teneatur
1493 947 1670 999 multo
1736 965 1854 1001 ma·

174 1034 343 1085 iorem
392 1033 671 1088 semiresto
716 1045 766 1084 et
811 1033 916 1083 fere
968 1029 1437 1101 perpendiculari&
1526 1033 1674 1085 Tum
1727 1033 1858 1085 nul·-

171 1116 222 1170 la
266 1133 394 1185 ergo
436 1117 724 1172 difficultas
766 1115 1043 1185 superanda
1089 1113 1159 1165 est
1200 1127 1252 1166 et
1294 1118 1470 1168 omnis
1515 1117 1598 1169 vis
1641 1121 1854 1172 muscu-

172 1201 213 1254 li
264 1202 323 1254 ad
374 1203 707 1256 mouendum
753 1198 1145 1252 antibrachium
1194 1197 1511 1253 immediate
1556 1200 1851 1258 adhibetur.

174 1286 356 1351 Longe
402 1303 528 1354 ergo
573 1286 747 1355 aptior
795 1284 854 1334 ad
902 1282 1045 1333 vires
1110 1283 1408 1335 exserendas
1472 1283 1595 1339 haec
1667 1286 1852 1342 fabrica

171 1370 229 1422 i'n
276 1371 425 1425 leone
468 1385 628 1439 quam
677 1370 731 1420 in
776 1365 994 1419 homine
1064 1366 1150 1420 est.
1260 1366 1358 1422 Sed
1431 1382 1574 1439 patet
1642 1368 1803 1425 simul
1831 1415 1851 1447 ,

167 1468 277 1524 quo
324 1456 514 1510 maiori
560 1469 687 1506 cum
736 1453 791 1505 vi
843 1465 1021 1504 motus
1065 1449 1155 1503 ille
1204 1452 1256 1503 in
1304 1453 1459 1507 leone
1527 1468 1851 1527 exercetur,

165 1555 231 1591 eo
304 1541 482 1592 minus
548 1536 691 1590 hunc
760 1551 976 1591 motum
1045 1539 1157 1591 sore
1227 1539 1584 1607 completum.
1698 1541 1852 1597 Nam

164 1623 372 1676 nonnisi
419 1640 481 1677 eo
522 1640 686 1695 Vsque
737 1620 1004 1676 musculus
1047 1622 1295 1675 cubitum
1344 1623 1552 1677 flec‘iere
1608 1628 1808 1695 poterit
1837 1668 1852 1695 ,

165 1705 327 1760 donec
368 1709 635 1777 punitum
683 1709 983 1762 insertionis
1022 1723 1148 1762 cum
1197 1711 1399 1778 puntstO
1442 1708 1664 1762 musculi
1736 1710 1854 1767 fixo

165 1805 216 1843 et
262 1791 663 1862 hypomochlio
707 1794 761 1846 in
801 1810 966 1848 vnam
1027 1792 1226 1847 lineam
1298 1794 1500 1848 restam
1570 1797 1850 1866 contingat

168 1887 221 1926 et
261 1878 488 1943 angulus
529 1880 828 1935 insertionis
868 1880 1188 1946 euanuerit3
1235 1877 1287 1932 id
1333 1881 1474 1948 quod
1522 1879 1645 1948 fiet,
1684 1898 1854 1953 quan-

157 1957 237 2009 o'o
277 1960 479 2015 cubitus
520 1981 644 2018 cum
691 1966 794 2016 offe
835 1961 1056 2013 humeri
1100 1961 1362 2026 angulum
1421 1962 1587 2014 efficit
1614 2002 1628 2028 ‚
1697 1980 1852 2033 prae-

170 2049 250 2093 ter
297 2058 513 2114 propter
559 2042 834 2112 aequalem
882 2041 1087 2110 angulo
1134 2040 1444 2097 insertioniS.
1555 2044 1682 2117 Quo
1724 2049 1852 2116 ‘igi-

171 2138 261 2178 tur
307 2126 395 2178 hic
449 2128 672 2195 angulus
738 2126 1038 2181 insertionis
1112 2126 1285 2180 maior
1351 2129 1469 2197 est,
1537 2147 1604 2184 eo
1672 2132 1848 2187 minus

172 2210 378 2263 cubitus
420 2210 558 2266 flesti
605 2213 814 2282 poterit.
926 2212 1173 2266 Maxima
1218 2214 1381 2268 flexio
1425 2211 1518 2268 fiet
1548 2256 1562 2281 ‚
1626 2213 1664 2267 fi
1714 2233 1848 2272 mu·-

169 2297 344 2351 sculus
389 2294 553 2350 flexor
595 2299 674 2351 vti
721 2297 774 2351 in
821 2295 1055 2351 homine·
1093 2297 1180 2350 vel
1225 2298 1287 2350 ab
1327 2298 1430 2352 offe
1473 2298 1711 2367 humeri,
1737 2304 1854 2375 vel,

170 2382 307 2452 quod
351 2382 511 2434 etiam
556 2380 770 2454 praestat
797 2423 811 2448 ,
875 2400 903 2436 a
951 2382 1192 2451 margine
1236 2385 1478 2438 cauitatis
1543 2386 1848 2455 glenoideae

169 2481 222 2520 et
273 2465 504 2535 processu
545 2469 851 2524 coracoideo
893 2482 1044 2522 ortus
1091 2469 1240 2523 radio
1284 2470 1501 2525 extenso
1558 2472 1847 2541 parallelus

171 2551 468 2620 inseratur,
511 2553 825 2623 nullumque
872 2569 998 2608 cum
1039 2554 1225 2608 eodem
1273 2556 1362 2610 vel
1410 2556 1708 2611 minimum
1754 2576 1848 2614 an-

170 2637 363 2703 gulum
409 2638 619 2693 efficiat,
731 2640 831 2698 Sed
881 2657 985 2695 non
1034 2638 1201 2695 modo
1246 2639 1335 2695 hic
1383 2632 1554 2695 fleitor
1603 2643 1850 2712 petstora·

170 2721 233 2773 lis
284 2721 390 2790 ipse
433 2724 672 2777 cubitum
714 2725 856 2780 vltra
914 2725 1172 2794 angulum
1202 2769 1216 2793 ,
1285 2726 1482 2796 angulo
1548 2727 1848 2783 insertionis

169 2805 478 2880 aequalem,
523 2811 730 2869 fiestere
771 2828 879 2869 non
923 2812 1090 2884 potest
1118 2855 1134 2884 ,
1177 2812 1259 2869 sed
1305 2813 1534 2888 impedit
1590 2828 1846 2886 quoque,

1709 2901 1841 2955 dum
