2402 3329
485 265 602 320 352
1021 239 1620 306 DEMoTv

484 418 619 474 quae
664 397 923 469 expressio
969 396 1198 452 minima
1247 393 1388 448 reddi
1436 391 1626 458 debet,
1673 397 1733 440 vt
1780 380 1930 438 valor
2001 397 2096 452 pro
2149 399 2172 433 ε

487 487 754 539 minimus
799 485 961 536 etiam
1012 497 1150 533 nunc
1194 477 1570 546 aequilibrium
1617 472 1905 525 admittens
1942 469 2174 523 obtinea-

489 583 595 625 tur.
683 568 839 623 Sumi
885 566 1055 634 igitur
1101 562 1247 616 debet
1288 575 1416 614 u:
1446 576 1481 611 0
1514 598 1528 623 ‚
1586 556 1722 608 vnde
1767 554 1830 606 fit
1874 571 1992 607 a:
2020 557 2040 614 ἑ
2067 570 2102 604 α
2134 566 2172 602 π

493 667 614 710 tum
665 666 850 706 autem
896 650 995 704 hoc
1041 646 1340 717 aequilibrii
1388 643 1519 697 statu
1567 651 1814 693 extremo
1862 639 2126 707 reperitur
2163 680 2178 707 a·

618 738 1580 813 niz-w4-{awZ—(1-{a)7r
1625 750 1675 791 et
1716 736 2071 800 η;(ι-ἑ)π

490 864 552 908 vt
603 852 668 906 fit
712 852 1004 920 longitudo
1052 868 1214 905 venae
1262 865 1462 923 aqueae
1506 849 1560 901 in
1609 848 1739 900 tubo
1782 855 2072 897 contentae

620 949 1845 1015 MNzrz—mz2(1-{a)7r:27r—ot7r,

488 1062 715 1132 ideoque
761 1061 993 1132 spatium
1045 1075 1274 1118 vacuum
1322 1080 1366 1114 :
1394 1080 1429 1113 α
1460 1081 1529 1130 πς
1575 1063 1717 1132 quod
1763 1063 1816 1113 in
1864 1062 2190 1132 aequilibrio*

493 1145 564 1199 ita
614 1145 797 1199 locum
844 1144 891 1200 Β
939 1145 1026 1198 vbi
1073 1146 1293 1199 densitas
1337 1147 1406 1199 est
1451 1148 1686 1199 maxima
1732 1146 2008 1217 occupabit
2038 1187 2053 1213 ,
2119 1158 2181 1201 vt

493 1231 660 1285 altera
705 1229 1019 1284 extremitas
1061 1231 1196 1284 infra
1242 1230 1506 1300 punctum
1552 1230 1599 1284 Β
1669 1228 1831 1284 altera
1904 1232 2056 1301 supra
2130 1224 2183 1285 id

491 1317 638 1370 cadat
683 1314 973 1368 interuallo
1018 1318 1173 1382 ὲαπς
1219 1330 1350 1385 quae
1392 1315 1773 1370 determinatio
1797 1316 2090 1369 accuratior
2113 1316 2186 1370 est

495 1416 552 1455 ea
583 1441 597 1466 ‚
645 1416 778 1472 quae
824 1401 877 1453 in
923 1398 1111 1455 coroll.
1163 1419 1194 1452 2
1242 1403 1380 1454 circa
1425 1400 1651 1471 spatium
1701 1399 1746 1454 Β
1776 1397 1833 1453 D
1887 1404 1958 1456 est
2025 1402 2140 1454 data
2171 1442 2187 1469 ‚

500 1485 709 1537 etiamsi
753 1485 1129 1556 aequilibrium
1175 1483 1231 1537 in
1277 1486 1467 1557 quouis
1523 1482 1622 1538 situ
1697 1484 1959 1559 proximo
2026 1500 2189 1555 aeque

502 1568 762 1626 subsistere
805 1585 979 1643 queat.

931 1713 1505 1824 Problenni
1633 1720 1771 1817 67.

239 1891 339 1940 Tab
397 1890 471 1936 VJ·
716 1866 847 1925 148.
895 1859 951 1917 Si
1001 1860 1152 1915 tubus
1198 1860 1254 1913 in
1299 1863 1344 1913 se
1386 1863 1591 1915 rediens
1647 1863 1888 1916 habuerit
1955 1864 2192 1931 figuram

254 1961 344 2020 rig.
388 1959 453 2013 67.
507 1957 925 2015 quamcunque,
968 1949 1263 2017 gradusque
1308 1945 1495 1999 caloris
1543 1945 1600 1997 in
1644 1961 1708 1998 eo
1765 1960 2039 2017 vtcunque
2108 1948 2193 2001 di-

503 2031 725 2094 versus,
773 2041 833 2079 vt
877 2045 1012 2098 aqua
1059 2046 1161 2097 qua
1208 2045 1334 2080 eum
1381 2030 1592 2094 penitus
1635 2029 1906 2094 repletum
1964 2031 2195 2084 assumi—-

510 2125 632 2165 mus
660 2151 674 2178 ,
721 2111 773 2161 in
820 2107 1129 2180 aequilibrio
1174 2108 1453 2162 consistere
1520 2120 1784 2178 nequeat:
1853 2111 2092 2164 motum‘
2143 2116 2196 2170 in

504 2210 569 2250 ea
610 2193 860 2265 genitum
907 2195 1283 2250 determinare.

1101 2335 1590 2416 Solutio

719 2477 802 2537 Sit
880 2481 935 2534 in
1017 2481 1069 2536 A
1147 2481 1293 2536 calor
1361 2479 1633 2533 maximus
1695 2481 1919 2554 ideoque
1980 2484 2202 2542 denfitas

518 2563 750 2620 minima
778 2608 792 2632 ‚
836 2582 969 2637 quae
1012 2579 1243 2638 ponatur
1287 2583 1358 2619 Ξῖ
1395 2581 1419 2615 1
1456 2602 1470 2628 ‚
1517 2562 1693 2633 ibique
1737 2567 1800 2620 sit
1844 2569 1955 2622 tubi
2003 2571 2200 2642 ampli-

525 2655 656 2703 tudo
695 2650 872 2723 :ff3
915 2652 971 2704 in
1018 2650 1136 2704 loco
1179 2650 1226 2703 B
1269 2664 1399 2702 vero
1442 2645 1507 2698 sit
1552 2648 1697 2703 calor
1744 2652 2010 2707 minimus
2055 2657 2202 2710 ideo-

523 2749 628 2802 que
672 2734 893 2788 densitas
942 2736 1180 2787 maxima
1221 2750 1292 2786 Ξ
1321 2751 1345 2784 1
1378 2742 1462 2793 »ὶ-
1493 2749 1543 2782 α.
1631 2733 2006 2793 Confideretur
2061 2756 2201 2794 nunc

525 2816 670 2873 locus
716 2818 823 2871 tubi
869 2819 1174 2891 quicunque
1216 2815 1283 2887 S,
1328 2828 1382 2871 et
1433 2831 1670 2889 ponatur
1710 2822 1766 2875 in
1810 2824 1922 2878 eius
1963 2824 2201 2880 directri-

2144 2925 2203 2961 ce
