2402 3329
458 242 544 294 34
1012 219 1164 288 ”2³2ss
1189 219 1225 285 v(
1269 236 1305 274 0
1354 221 1375 285 )
1414 213 1568 283 &1030-

447 377 735 432 cordarum
782 360 1114 426 vibrantium
1158 368 1222 422 de
1268 382 1377 437 quo
1416 362 1500 419 ‘vti
1549 366 1751 421 constat
1797 365 1851 419 in
1929 375 2009 419 tot
2071 364 2149 418 di-

454 463 626 518 versas
677 459 933 513 abierunt
963 454 1238 509 sententias
1285 451 1484 504 summi
1533 453 1687 504 nostri
1739 450 1896 506 seculi
1932 449 2150 503 Mathe—

454 546 658 604 matici.
744 542 956 597 Deinde
1000 538 1062 591 ad
1108 536 1421 590 huiusmodi
1487 537 1811 606 problemata
1883 537 2163 602 pertinent·

455 646 671 703 quoque
732 642 790 680 ea
831 666 846 692 ,
918 639 1049 694 quae
1125 625 1186 676 ab
1254 621 1580 674 Auctoribus
1644 621 1707 673 de
1777 617 2151 671 inflexionibus

452 713 698 771 minimis
743 711 1074 765 laminarum
1116 706 1447 761 elasticarum
1495 707 1616 756 sunt
1653 705 1858 756 tradita
1888 743 1902 769 ‚
1969 702 2148 773 quales

457 802 627 870 igitur
674 796 1010 866 aequationes
1058 809 1159 862 pro·
1202 803 1434 860 Vtroque
1490 787 1822 844 problemate.
1893 787 2152 841 soluendo

458 902 526 939 ex
575 880 856 955 principiis
899 876 1236 948 generalibus
1282 876 1625 943 deducantur,
1669 873 1979 947 expositum
2016 889 2149 943 quo-

454 986 561 1042 que
606 960 722 1023 lieic
773 966 859 1020 est.

1240 1101 1379 1177 IV.

459 1244 586 1326 De
640 1220 799 1323 Ictu
868 1239 1260 1349 glandium
1304 1297 1327 1330 ,
1415 1252 1678 1314 contra
1767 1237 2153 1315 Tabulam

1051 1350 1543 1459 exploserum.
1579 1364 1586 1369 '

621 1482 994 1614 ¹Auctore
1055 1531 1149 1611 L.
1213 1528 1519 1609 Eulero.
1583 1550 1755 1634 pag.
1820 1550 2012 1630 414.

460 1728 565 1884 In
609 1740 846 1796 docstrina
892 1744 953 1798 de
993 1740 1321 1814 percussione
1363 1755 1658 1811 corporum
1704 1736 1966 1794 eiusmodi
2008 1740 2154 1813 saepe

575 1840 869 1882 occurrunt
909 1827 1309 1899 phaenomena,
1361 1842 1494 1897 quae
1538 1828 1724 1895 primo
1771 1823 1971 1878 intuitu
2015 1825 2156 1879 haud

465 1927 663 1983 parum
711 1914 970 1983 paradoxa
1016 1926 1069 1965 et
1113 1913 1314 1966 rationi
1362 1911 1628 1964 contraria
1667 1906 1940 1978 videntur,
1983 1923 2160 1963 atten-

467 1998 574 2050 tius
617 2007 798 2051 autem
847 1999 1153 2052 examinata
1207 2012 1327 2052 cum
1399 1995 1602 2062 legibus
1670 2004 1882 2046 naturae
1948 1997 2161 2065 optime

467 2082 764 2136 consentire
808 2082 1291 2154 deprehenduntur.
1339 2079 1557 2134 Horum
1606 2079 1921 2132 innumero
1949 2080 2162 2150 sequens

465 2168 699 2222 omnino
770 2167 1119 2221 memorabile
1187 2168 1257 2220 est
1311 2206 1325 2232 ,
1395 2164 1435 2217 si
1507 2166 1665 2216 ianua
1734 2174 1918 2230 aperta
1986 2163 2161 2235 lapide

466 2252 799 2324 percuti-‘itur
875 2291 889 2316 ,
983 2263 1135 2303 motu
1228 2252 1283 2304 in
1374 2246 1481 2319 ipsa
1587 2260 1844 2314 generato
1952 2247 2163 2303 claudi-

469 2348 604 2399 tur,
670 2333 745 2385 sin
812 2350 944 2386 vero
988 2333 1279 2400 sclopetum
1350 2342 1536 2382 contra
1602 2340 1726 2381 eam
1791 2328 2161 2400 explodatur,

470 2420 703 2475 immota
747 2416 1013 2488 persistit,
1059 2415 1248 2484 glande
1291 2412 1505 2484 explosa
1552 2425 1671 2465 eam
1720 2413 1930 2481 penitus
2008 2432 2162 2486 pene·

471 2516 731 2560 netrante.
825 2503 1001 2556 Huius
1068 2500 1238 2569 igitur
1306 2496 1667 2568 pliaenomeni
1734 2491 2002 2553 ratiOnem
2066 2518 2163 2556 ex-

469 2588 744 2661 positurus
788 2586 984 2642 Illustr.
1033 2584 1197 2638 huius
1239 2581 1613 2638 dissertationis
1658 2581 1871 2636 Aridior
1903 2623 1918 2648 ,
1984 2585 2160 2640 ic'tum

471 2673 761 2742 glandium
809 2686 993 2726 contra
1038 2671 1271 2725 tabulam
1319 2667 1658 2738 explosarum
1704 2669 2002 2721 accuratius
2070 2688 2163 2724 ex-

470 2774 673 2830 ponere
717 2758 1012 2822 constituit,
1057 2756 1146 2810 vbi
1193 2756 1413 2826 quidem
1461 2754 1589 2806 duos
1616 2751 1754 2804 casus
1793 2770 1820 2806 a
1853 2757 1900 2806 se
1926 2754 2160 2810 inuicem

469 2842 862 2915 distinguendos
903 2838 1115 2898 seorsim
1161 2838 1491 2911 considerat,
1534 2842 1784 2915 primum
1818 2854 1942 2910 quo
1987 2840 2160 2895 tabula

1950 2940 2159 2980 immo·
