2402 3329
473 244 597 299 340
1025 224 1178 282 DE
1266 223 1629 281 MOTV

470 379 677 437 theoria
719 378 810 436 hic
857 379 957 436 vix
999 378 1289 451 quicquam
1340 379 1561 435 statuere
1588 375 1788 432 licebit:
1875 374 1953 431 At
1980 373 2018 429 fi
2058 392 2162 447 ope

470 466 609 536 ignis
662 464 799 522 circa
844 469 896 522 A
942 464 1168 520 suscitati
1211 467 1266 521 in
1338 464 1445 520 hoc
1515 463 1637 519 loco
1703 463 1830 516 tubo
1899 472 2165 533 perpetuo

469 550 691 621 infignis
734 553 925 608 caloris
977 553 1170 621 gradus
1238 552 1646 622 imprimatur,
1721 549 1978 617 tubusque
2044 547 2166 620 fiatis

468 636 535 692 fit
581 653 848 708 magnus,
897 650 962 691 vt
1009 649 1182 691 tantus
1224 635 1367 691 calor
1407 652 1515 689 non
1559 635 1620 689 ad
1695 634 1882 688 locum
1950 631 2164 704 oppost-

470 735 595 777 tum
636 723 685 779 B
731 721 1004 778 transferri
1049 722 1205 793 poffit
1232 763 1247 791 ,
1309 721 1531 776 nullum
1586 717 1738 791 plane
1779 719 1852 772 est
1896 717 2120 771 dubium
2149 755 2165 784 ,

473 808 602 880 quin
649 823 783 879 aqua
830 821 1092 879 perpetuo
1135 818 1354 861 motum
1406 807 1522 860 satis
1563 802 1805 861 velocem
1849 804 1905 858 in
1949 802 2165 876 plagam

470 894 526 948 A
553 892 601 946 E
627 891 672 947 B
699 891 756 947 D
800 892 865 946 fit
910 896 1299 949 conseruatura.

994 1008 1451 1084 Scholion
1564 1036 1633 1091 2·

684 1142 819 1194 133.
868 1124 1108 1180 Affumfi
1154 1129 1209 1181 in
1238 1125 1568 1198 problemate
1613 1124 1742 1178 tubo
1784 1125 1842 1178 in
1888 1125 2054 1182 altera
2079 1143 2170 1182 ex-

472 1213 749 1268 tremitate
796 1210 1127 1266 horizontali
1176 1213 1226 1266 Α
1279 1209 1594 1264 maximum
1640 1210 1835 1264 caloris
1901 1215 2172 1281 gradum,

469 1300 527 1353 in
575 1301 741 1353 altera
790 1314 919 1354 vero
965 1297 1011 1352 B
1056 1298 1357 1351 minimum
1403 1296 1622 1364 induci,
1691 1312 1828 1367 quae
1899 1296 2176 1369 dispofitio

469 1384 537 1439 ad
584 1398 804 1440 motum
867 1383 1231 1453 generandum
1302 1381 1547 1436 maxime
1611 1381 1682 1435 est
1749 1390 2172 1438 accommodata.

468 1468 527 1526 Si
593 1472 739 1524 enim
811 1469 1092 1523 maximus
1160 1464 1304 1521 calor
1370 1467 1696 1535 exerraretur
1764 1468 1818 1521 in
1886 1467 2012 1522 loco
2081 1466 2172 1521 vel

466 1557 692 1610 summo
735 1552 787 1608 E
833 1553 923 1609 vel
970 1555 1087 1607 imo
1130 1550 1218 1621 D,
1256 1563 1311 1606 et
1352 1567 1382 1603 e
1424 1552 1647 1621 regione
1690 1553 1950 1607 minimus
1985 1553 2175 1607 existe·

469 1654 556 1695 ret
584 1682 600 1707 ,
649 1653 768 1695 tum
818 1637 999 1694 nullus
1047 1636 1202 1709 plane
1251 1649 1429 1690 motus
1470 1639 1704 1691 oriretur
1736 1679 1750 1706 ‚
1797 1638 1878 1692 sed
1919 1653 2052 1711 aqua
2100 1642 2175 1692 ie-

472 1723 585 1779 mel
631 1727 686 1777 in
732 1724 917 1796 quiete
962 1723 1128 1794 pofita
1176 1734 1434 1795 perpetuo
1476 1724 1531 1776 in
1576 1725 1761 1776 eodem
1808 1725 1937 1778 statu
1988 1724 2170 1795 perse-

471 1820 702 1863 vetaret.
813 1810 996 1883 Quare
1055 1807 1263 1862 etiamst
1309 1809 1471 1862 initio
1514 1805 1671 1861 tubus
1710 1809 1846 1861 circa
1893 1812 1946 1863 A
1996 1809 2173 1862 maxi-

471 1910 636 1950 mum
706 1889 945 1948 calorem
1019 1887 1326 1967 acceperit,
1396 1893 1493 1948 nifi
1567 1890 1611 1943 is
1659 1908 1688 1945 a
1758 1893 1902 1946 causa
1953 1905 2174 1948 externa

472 1979 833 2042 sustineatur,
898 1995 1031 2047 aqua
1100 1996 1195 2049 per
1264 1986 1310 2033 A
1378 1977 1632 2031 tranfiens
1686 1977 1920 2031 calorem
1967 1976 2039 2030 ibi
2086 1992 2175 2031 re-

470 2075 695 2131 ceptum
747 2077 876 2113 cum
928 2064 1039 2113 tubi
1089 2062 1220 2114 locis
1267 2063 1620 2128 superioribus
1671 2059 1707 2113 S
1774 2075 1829 2113 et
1899 2060 1948 2114 E
2016 2078 2173 2115 com-

475 2143 772 2201 municabit
847 2143 1187 2210 viciffimque
1255 2144 1422 2208 fri-„us
1451 2183 1466 2210 ‚
1514 2148 1642 2212 'quo
1687 2156 1780 2209 per
1826 2141 1870 2195 B
1916 2143 2173 2199 tranfiens

471 2246 589 2288 erat
634 2231 843 2284 imbuta
895 2231 948 2284 in
1001 2229 1107 2283 tub1
1158 2231 1439 2297 regionem
1491 2225 1798 2279 inferiorem
1848 2225 1897 2280 E
1959 2229 2176 2283 tran-xsfe-

475 2333 562 2372 ret
593 2358 608 2384 ‚
652 2331 762 2385 quo
803 2315 1018 2368 tandem
1062 2315 1335 2370 efficietur
1364 2355 1379 2381 ‚
1434 2323 1495 2367 vt
1536 2327 1666 2365 cum
1719 2312 1991 2365 maximus
2033 2314 2175 2370 calor

473 2403 531 2458 in
578 2400 689 2454 tubi
736 2397 923 2452 locum
973 2405 1244 2455 summum
1298 2401 1351 2457 E
1420 2397 1577 2452 fuerit
1653 2398 1941 2452 translatus
2011 2398 2176 2453 mini-

477 2501 703 2559 musque
749 2485 802 2538 in
853 2486 1029 2539 imum
1078 2485 1166 2551 D,
1213 2499 1332 2541 tum
1381 2481 1562 2537 omnis
1598 2486 1789 2534 'motus
1833 2482 1897 2537 fit
1955 2483 2176 2538 cessatu-

474 2589 566 2627 rus
596 2615 611 2639 ‚
654 2584 707 2624 et
752 2586 881 2640 aqua
930 2574 981 2625 in
1025 2574 1215 2626 statum
1259 2566 1561 2638 aequilibrii
1603 2565 1668 2619 fit
1716 2582 2073 2638 peruentum,
2121 2572 2175 2624 in

474 2676 584 2724 quo
629 2658 950 2725 acquiescere
997 2657 1183 2713 valcat.
1281 2655 1589 2724 Descetero
1631 2652 1685 2705 in
1733 2651 1996 2709 solutione
2045 2672 2174 2725 pro-

474 2744 723 2797 blemaus
790 2755 991 2795 certam
1061 2741 1262 2809 legem·
1309 2737 1576 2803 stabiliui‚
1644 2740 1932 2793 {ecundum
2005 2756 2174 2812 quam

476 2826 704 2886 denfitas
745 2824 900 2883 fluidr
944 2826 1007 2883 ab
1052 2822 1114 2881 A
1160 2824 1341 2881 versus
1409 2825 1458 2883 B
1525 2828 1922 2900 progrediendo
1983 2841 2176 2894 augea·

1251 2942 1259 2949 ι
2034 2924 2171 2982 tur,
