2402 3329
441 256 563 312 330
986 234 1046 294 D
1095 235 1146 291 E
1232 231 1306 289 M
1351 194 1404 292 ο
1447 235 1499 291 T
1543 231 1608 291 v

566 389 686 448 S:
699 378 1633 482 (oe÷a÷25h)V2-{-({¹‡-¹-)29.2

430 533 566 594 quae
612 518 742 572 duae
787 516 932 572 vires
977 527 1137 569 erunt
1182 514 1321 570 inter
1367 516 1413 570 se
1459 510 1699 587 aequales
1743 512 1782 568 fi
1828 512 1989 569 fuerit

570 616 1318 721 a÷a÷25hz<³jgygss

905 784 1484 864 Scholion.
1607 813 1662 861 1.

648 943 781 982 122.
828 927 892 982 In
938 931 1092 980 omni
1136 929 1512 985 machinarum
1559 931 1766 984 aetione
1829 925 2138 1004 plurimum

437 1012 700 1075 interest,
769 1022 829 1061 vt
894 1023 1085 1058 earum
1136 1025 1319 1062 motus
1364 1012 1428 1061 sit
1471 1025 1737 1077 quantum
1787 1014 1904 1066 fieri
1980 1012 2149 1082 potest

436 1094 729 1148 vnitormis
761 1131 775 1158 ,
820 1102 873 1143 et
921 1103 981 1143 vt
1031 1105 1295 1163 perpetuo
1339 1091 1543 1162 aequali
1593 1093 1651 1146 vi
1700 1099 1972 1162 agitentur
2001 1134 2016 1160 ,
2080 1109 2148 1147 ex

437 1194 549 1251 quo
600 1176 944 1231 manifestum
995 1177 1230 1231 minime
1286 1176 1621 1241 conuenire,
1688 1192 1751 1233 vt
1822 1178 1985 1232 modo
2056 1179 2150 1232 de-

436 1265 642 1337 scripto
684 1262 817 1318 duae
864 1272 1083 1318 tantum
1131 1262 1333 1317 antliae
1378 1264 1438 1317 ad
1490 1261 1803 1318 machinam
1874 1260 2147 1335 applicen-

440 1364 533 1406 tur
561 1389 577 1417 ,
622 1350 884 1421 quoniam
931 1352 993 1406 ad
1037 1345 1139 1403 hoc
1185 1348 1268 1403 vis
1333 1348 1575 1402 maxime
1646 1349 1992 1420 inaequabilis
2063 1363 2150 1401 re-

439 1439 798 1509 quireretut3
845 1433 919 1489 fin
973 1446 1161 1489 autem
1206 1437 1316 1489 duo
1362 1432 1657 1488 antliarum
1707 1435 1853 1506 paria
1913 1435 1984 1487 ita
2054 1450 2150 1505 ap-

440 1521 742 1597 plicentur,
783 1532 847 1575 vt
892 1519 1061 1576 cubiti
1105 1520 1220 1574 axis
1264 1519 1368 1574 sint
1414 1520 1556 1574 inter
1598 1519 1645 1574 se
1670 1519 1959 1586 normaleS,
2005 1519 2150 1572 vires
2225 1519 2229 1523 ’

441 1608 509 1663 ad
557 1605 868 1662 machinam
912 1605 1384 1675 circumagendam
1434 1604 1718 1677 requisitae
1768 1603 1952 1660 multo
1978 1602 2152 1672 magis

350 1714 352 1717 ·
443 1694 511 1748 ad
554 1693 934 1762 aequalitatem
997 1693 1278 1748 accedent:
1347 1692 1579 1747 minime
1648 1705 1826 1746 tamen
1893 1691 2151 1745 conuenit

447 1778 516 1831 ad
584 1778 849 1834 maiorem
927 1776 1361 1849 aequabilitatem
1452 1777 1799 1832 obtinendam
1885 1773 2150 1830 formulae

449 1850 685 1907 ‹kb-22⁰
698 1875 911 1918 tantum
942 1864 1187 1919 valorem
1209 1860 1501 1918 conciliare
1526 1876 1791 1935 quantum
1815 1861 2151 1916 inuenimus.

536 1921 555 1944 ⁴

445 1918 605 2031 Qun?
646 1959 828 2030 potius
872 1959 1080 2031 semper
1122 1958 1427 2014 consultum
1451 1960 1682 2015 esthanc
1708 1957 2008 2015 formulam
2038 1969 2151 2011 tam

446 2043 709 2110 exiguam
798 2044 949 2096 reddi
1035 2057 1201 2111 quam
1276 2044 1699 2095 circumstantiae
1786 2044 2158 2112 permittunt,

451 2124 889 2199 quandoquidem
938 2122 1043 2179 hoc
1091 2124 1259 2178 modo
1301 2123 1388 2178 vis
1430 2124 1495 2178 ad
1539 2123 1797 2178 effectum
1856 2127 2154 2195 producen-

445 2212 584 2268 dum
629 2209 884 2284 requisita
923 2209 1272 2267 diminuitur.
1327 2205 1478 2265 Cum
1524 2208 1693 2278 igitur
1738 2206 1907 2281 pofita
1950 2209 2156 2266 orificii

447 2299 690 2371 supremi
758 2293 871 2353 Zz
915 2293 1276 2370 amplitudine
1322 2313 1450 2351 :ee
1491 2292 1556 2349 fit
1598 2298 1635 2347 λ
1661 2305 1744 2359 -4-
1777 2311 1802 2348 1
1838 2286 1977 2377 :³3
2040 2296 2156 2352 vti-

450 2413 555 2469 que
620 2398 907 2454 conueniet
984 2394 1090 2451 hoc
1167 2393 1445 2451 orificium
1525 2407 1689 2464 quam
1758 2392 2156 2468 ampliffimum

453 2483 623 2551 effici,
666 2485 808 2538 circa
851 2480 1183 2537 celeritatem
1226 2495 1409 2536 autem
1455 2498 1484 2534 c
1527 2477 1669 2534 nihil
1717 2481 1937 2535 arbitrio
1979 2481 2159 2537 nostro

1492 2554 1569 2588 πὸ

455 2569 697 2642 relinqui
705 2582 796 2623 tur
840 2570 963 2639 quia
1004 2567 1153 2622 enim
1202 2580 1451 2638 tempore
1494 2602 1578 2647 3-
1625 2567 1719 2621 sec.
1766 2564 2033 2638 quantitas
2102 2583 2154 2622 a·

453 2682 705 2738 quae:
740 2683 770 2718 2
798 2666 830 2720 b
830 2666 901 2740 ff
928 2667 1154 2736 superne
1197 2663 1429 2732 eiicitur,
1472 2665 1737 2737 quantitas
1780 2681 1893 2722 vno
1939 2664 2157 2719 minuto

452 2753 685 2806 secundo
726 2753 894 2809 eiecta
936 2752 1011 2807 est
1052 2765 1238 2830 :fc
1241 2749 1313 2826 ff
1323 2768 1340 2819 3
1387 2764 1551 2822 quam
1596 2767 1727 2805 cum
1787 2751 2002 2807 afflone
2070 2749 2156 2805 vis

451 2844 788 2907 sollicitantis
829 2856 1224 2925 comparemus·
1336 2845 1487 2908 Cum
1557 2848 1730 2925 igitut
1792 2850 1936 2907 inter
2007 2842 2156 2983 [1³:⁰⁰⁹

1946 2944 2013 2988 va
2033 2932 2155 2986 ores
