2402 3329
537 242 971 303 CONTRA
1041 247 1578 316 TABVLAM.
1785 285 1900 335 425

210 400 551 471 reperiuntur
614 393 940 453 solutionem
1013 401 1360 473 problematis
1422 409 1583 464 nostri
1650 411 1909 473 deducere

219 483 564 557 potuissemus
592 523 606 549 ,
649 482 776 535 dum
833 489 997 542 modo
1042 493 1491 559 perpendiffemus
1535 496 1586 548 in
1657 516 1906 570 penetra-

218 574 420 623 tionem
468 566 676 633 glandis
727 569 865 622 iutra
913 573 1146 625 tabulam
1196 592 1362 629 certas
1408 579 1550 632 vires
1619 583 1902 659 impendi,

213 667 393 720 easque
437 651 665 706 iunctim
715 654 913 710 sumtus
960 657 1190 712 formula
1248 661 1463 732 4gsR
1494 664 1589 718 dx
1653 687 1902 741 compre-

209 736 367 790 hendi
417 736 556 806 poffe
663 737 809 792 Tum
855 744 1000 796 enim
1063 747 1187 815 quia
1257 759 1368 800 tota
1431 750 1511 802 vis
1575 753 1705 807 viua
1774 773 1894 814 ante

207 821 526 876 conflictum
574 834 692 875 erat
735 843 804 878 Ξ
833 827 890 881 Μ
920 844 992 882 cc
1019 864 1034 894 ,
1094 831 1316 886 durante
1359 846 1540 887 autem
1591 839 1849 897 confictu
1876 889 1891 917 ‚

202 924 326 960 cum
376 910 673 976 penetratio
714 910 821 963 iam
868 915 998 968 facta
1047 917 1119 970 est
1166 918 1226 970 ad
1280 920 1702 986 profunditatem
1751 947 1894 1002 εκ,

201 995 412 1047 summa
455 996 665 1045 virium
712 996 970 1050 viuarum
1016 999 1080 1051 sit
1129 1000 1189 1054 M
1216 1017 1252 1053 v
1279 1017 1315 1054 v
1340 1012 1424 1064 —l-
1453 1005 1508 1059 N
1534 1023 1566 1059 u
1593 1024 1652 1076 u,
1699 1018 1893 1072 necesse

200 1079 271 1132 est
327 1120 342 1147 ‚
388 1091 450 1131 vt
495 1076 633 1130 fiat:

327 1200 1348 1276 Mvv÷Nuztchc—4gsRdx
1374 1243 1389 1270 ‚

190 1328 423 1385 alterum
473 1345 601 1382 vero
647 1327 974 1397 principium
1025 1325 1335 1396 quantitatis
1387 1334 1570 1377 motus
1617 1322 1727 1379 fiue
1796 1340 1885 1378 ae-

192 1415 412 1484 quabilis
460 1411 756 1482 progressus
798 1412 1104 1465 communis
1147 1411 1316 1464 centri
1361 1409 1646 1477 grauitatis
1704 1411 1880 1465 statim

186 1499 486 1569 suppeditat
532 1496 672 1551 hanc
717 1497 1090 1563 aequationem
1145 1497 1206 1551 M
1232 1512 1268 1549 v
1294 1503 1346 1557 4-
1375 1493 1426 1548 N
1457 1512 1488 1548 u
1516 1495 1645 1550 :M
1673 1513 1701 1551 c
1745 1512 1879 1566 quae

187 1599 316 1634 cum
385 1581 477 1635 illa
546 1582 830 1636 coniuncta
898 1580 1226 1658 completam
1300 1580 1649 1654 problematis
1716 1582 1878 1639 nostri

181 1667 502 1724 solutionem
548 1669 802 1726 continet.

380 1826 517 1897 XX.
566 1842 676 1896 Hac
718 1839 992 1896 occasione
1038 1857 1144 1896 non
1186 1838 1270 1894 abs
1311 1854 1366 1893 re
1414 1836 1522 1892 erit
1567 1838 1745 1908 paucis
1780 1853 1872 1893 ex-

179 1941 417 1994 ponere,
462 1928 590 1998 quid
658 1929 721 1980 de
789 1927 1072 1982 notissimis
1141 1926 1248 1980 illis
1319 1926 1670 1989 notion.bu5‚
1727 1926 1871 1979 circa

179 2014 528 2078 quantitatem
576 2026 762 2065 motus
806 2027 859 2064 et
905 2014 1048 2066 vires
1083 2013 1274 2073 viuas‚
1320 2011 1508 2078 quibus
1556 2009 1868 2080 Philosophi

181 2104 353 2145 totam
401 2107 581 2146 motus
626 2094 894 2144 theoriam
941 2093 1293 2161 superstruere
1336 2093 1458 2144 sunt
1513 2095 1686 2145 conati
1715 2133 1730 2159 ‚
1803 2091 1868 2146 fit

178 2176 519 2232 iudicandum
590 2187 642 2226 et
707 2186 962 2243 quatenus
1031 2190 1118 2227 eae
1187 2190 1314 2228 cum
1384 2175 1526 2227 veris
1616 2188 1669 2228 et
1740 2179 1868 2230 vni·

173 2259 457 2318 versalibus
538 2257 883 2315 Mechanicae
958 2260 1236 2331 principiis
1299 2256 1581 2314 conciliari
1655 2260 1864 2332 poffint.

172 2349 253 2403 Ac
299 2347 484 2416 primo
539 2346 754 2414 quidem
824 2346 887 2397 de
955 2346 1095 2399 veris
1167 2342 1505 2400 Mechanicae
1581 2348 1860 2417 principiis

173 2434 461 2485 tenendum
508 2432 597 2497 est,
640 2447 696 2484 ea
742 2445 808 2482 ex
855 2429 1018 2485 vnico
1067 2431 1337 2503 principio
1381 2428 1648 2501 proficisci
1685 2472 1699 2498 ‚
1743 2448 1858 2502 quo

169 2516 311 2569 ratio
355 2518 494 2570 inter
538 2514 941 2570 accelerationes
983 2531 1036 2570 et
1081 2517 1222 2570 vires
1287 2514 1636 2571 sollicitantes
1713 2532 1852 2570 con-

165 2604 371 2654 tinetur
413 2614 465 2655 et
512 2601 585 2654 ita
630 2601 877 2656 latiffime
934 2615 1126 2673 patet,
1187 2613 1248 2656 vt
1316 2602 1481 2653 etiam
1555 2603 1618 2656 ad
1687 2601 1854 2658 fluida
1933 2597 1940 2598 7

168 2703 386 2753 corpora
430 2689 758 2741 extendatur.
831 2689 910 2741 At
955 2705 1086 2745 vero
1132 2685 1237 2741 hoc
1282 2687 1614 2758 principium
1663 2687 1730 2739 ita
1777 2689 1851 2744 est

165 2784 583 2842 comparatum,
649 2785 709 2825 vt
750 2778 953 2843 {emper
1020 2775 1080 2830 ad
1144 2770 1404 2830 formulas
1471 2771 1850 2832 different³ales

248 2855 941 2919 Tom.XV.Nou.Comm.
1209 2858 1262 2914 H
1294 2856 1332 2912 h
1357 2858 1397 2914 11
1643 2859 1849 2915 secundi
