2402 3329
498 241 620 297 514
951 217 1413 281 DEscmPno
1478 218 1729 293 Plscls,

493 376 879 446 relinquerent.
991 375 1307 431 Pleniorem
1354 372 1516 428 huius
1559 375 1777 429 vermis,
1808 371 2082 430 historiam
2133 374 2189 429 in
2228 382 2230 384 ’

491 462 840 532 descriptione
884 462 1034 535 piscis
1062 504 1076 530 ‚
1132 458 1374 531 Cyprini
1424 459 1573 533 rutili
1607 501 1620 528 ,
1675 448 1814 514 Lizin.
1845 476 2008 531 quem
2039 458 2189 515 Ruffi

493 546 746 601 Hella-wel
786 561 974 603 vocant
1005 589 1020 614 ‚
1076 548 1279 602 tradere
1325 544 1463 599 mihi
1510 547 1857 600 constitutum
1901 548 1986 601 est.
2075 544 2194 600 Ve-

491 631 595 687 sica
641 648 790 686 aerea
838 632 1068 705 simplex
1097 673 1111 700 ,
1183 646 1377 701 magna
1407 672 1419 695 ,
1498 635 1676 684 versus
1722 633 1972 687 inferiora
2021 634 2194 698 angu-

499 718 672 785 stior,
740 718 1010 791 superiora
1089 721 1270 773 versus
1334 714 1609 785 amplior⁷
1683 729 1736 768 et
1800 717 1858 769 ab
1900 714 2196 770 abdominis

500 802 790 870 lateribus,
848 804 937 858 cui
983 803 1288 856 interstrato
1330 803 1584 870 vtrinque
1634 801 1972 869 pinguedinis
2020 798 2194 854 tractu

498 888 750 942 cohaeret
777 927 792 952 ,
837 888 986 944 facile
1035 884 1349 953 separabilia
1437 884 1739 937 Summitas
1784 886 1945 955 ipsius
1973 883 2197 938 coareta-

497 982 549 1022 ta
593 971 837 1039 primum
867 1010 882 1034 ‚
932 972 1238 1034 iterumque
1265 1004 1279 1028 .,
1322 966 1702 1017 cir-cacostam
1752 970 1950 1020 sextam
1979 1012 1992 1034 ‚
2057 969 2200 1023 leui-

497 1064 583 1107 ter
649 1054 956 1120 ampliata,
1022 1047 1362 1102 dextrorsum
1430 1048 1790 1117 deorsumque
1847 1050 2199 1119 flectebatur,

499 1148 556 1190 et
599 1135 693 1190 hac
741 1138 846 1209 ipsa
890 1136 1092 1190 flexura
1140 1134 1195 1187 in
1243 1132 1470 1189 ductum
1534 1148 1804 1196 aereum,
1875 1150 2041 1205 penna
2106 1151 2202 1187 co-

502 1220 745 1278 lumbina
790 1223 1091 1278 craffiorem
1133 1236 1192 1275 ac
1238 1218 1294 1271 in
1339 1216 1624 1290 oesophagi
1669 1233 1866 1272 cauum
1927 1231 2200 1291 patentem

502 1307 776 1363 desinebat.

536 1515 538 1517 ¹
643 1506 645 1509 ,
708 1450 877 1505 Renes
927 1448 981 1500 in
1023 1461 1197 1500 vnum
1240 1459 1427 1518 corpus
1467 1445 1646 1500 coaliti
1682 1488 1695 1513 ,
1740 1448 2032 1515 longiffimi
2061 1492 2077 1518 ,
2136 1447 2201 1505 ad

504 1532 931 1605 diaphragmatis
976 1530 1114 1585 basin
1161 1529 1340 1585 latiori
1386 1534 1659 1603 principio
1702 1536 1852 1600 orti,
1898 1547 1952 1588 et
1993 1537 2054 1589 ad
2102 1549 2205 1587 ex·-

507 1622 842 1674 tremitatem
888 1617 1129 1688 ipsorum
1173 1617 1530 1671 acuminatam
1576 1633 1737 1689 vsque
1764 1662 1779 1687 ,
1825 1633 1957 1688 quae
2003 1618 2203 1673 vesicae

508 1703 780 1758 vrinariae
826 1705 992 1758 fundo
1034 1702 1248 1754 obuersa
1292 1701 1401 1769 est,
1455 1700 1646 1755 sensim
1693 1703 2016 1772 angustiores
2057 1701 2196 1757 faeti.

703 1847 963 1903 Vreteres
995 1891 1010 1918 ,
1050 1864 1119 1903 ex
1163 1846 1326 1902 huius
1370 1838 1584 1903 visceris
1635 1849 1811 1904 medio
1852 1853 2025 1917 enati,
2074 1850 2200 1917 dun,

506 1949 740 2004 quorum
788 1948 928 1985 vnus
955 1973 970 1998 ,
1013 1934 1285 1988 substantia
1327 1935 1444 1985 eius
1488 1931 1784 2000 euolutu54
1850 1937 1906 1986 in
1953 1935 2200 2001 sinistre,

507 2017 685 2082 alter,
728 2017 910 2068 eadem
958 2016 1192 2086 vndique
1263 2015 1547 2079 obtectu5‚
1622 2015 1675 2065 in
1744 2019 1937 2069 dextro
2003 2032 2201 2070 renum

507 2100 674 2160 latere
719 2100 999 2170 decurrit,
1046 2098 1247 2154 vesicae
1291 2098 1554 2152 vrinariae
1600 2095 1763 2151 fundo
1807 2099 2176 2157 inserebantur.

714 2251 897 2307 Vesica
948 2250 1186 2304 vrinaria
1225 2247 1498 2321 ellipticae
1546 2245 1753 2314 figurae
1786 2290 1799 2314 ‚
1859 2249 1950 2303 sub
1994 2250 2201 2306 ascensu

512 2333 734 2408 obliquo
761 2378 775 2405 ,
819 2341 875 2392 in
921 2338 1206 2392 vrethram
1258 2332 1608 2408 patentiffimi
1653 2332 1761 2385 oris
1807 2349 2106 2391 excurrens,

714 2485 1055 2544 Peritoneum
1104 2484 1338 2554 argentei
1379 2480 1614 2550 coloris,
1673 2484 1885 2554 punitis
1930 2485 2204 2555 nigrican-

515 2569 656 2627 tibus
701 2573 989 2628 rarioribus
1034 2571 1350 2642 adspersum.

720 2715 907 2771 Costae
955 2730 1048 2783 37.
1093 2713 1366 2770 vertebrae
1406 2712 1462 2766 in
1504 2711 1821 2768 vniuersum
1868 2720 1967 2769 62.
2012 2728 2089 2785 35
2137 2715 2202 2774 st.

517 2796 657 2854 dorsl
686 2839 702 2866 ,
744 2812 796 2853 et
843 2814 918 2866 27
966 2802 1171 2857 caudae.

1993 2903 2202 2964 MEN-
