2402 3329
524 277 649 341 384
689 271 796 330 DE
829 266 1083 330 STATV
1123 266 1617 346 AEQVILIBRH
1665 268 1763 324 ET
1801 263 2035 324 MOTV

519 425 677 479 status
740 440 798 477 ac
874 421 911 476 fi
983 433 1095 476 tota
1170 421 1349 493 portio
1391 421 1437 476 Β
1466 420 1523 475 M
1568 419 1690 476 effet
1734 419 1896 475 libera
1937 429 2096 490 atque
2143 414 2200 471 fn

515 510 626 566 solo
664 508 873 580 pumsto
917 507 963 563 Β
1010 508 1138 561 fixa.

531 703 534 706 ὴ
719 634 831 691 IV.
882 640 957 690 At
1001 635 1038 687 fi
1085 633 1240 688 filum
1291 632 1337 687 Β
1366 632 1426 686 Μ
1476 630 1524 683 in
1570 632 1771 701 punem
1814 651 1891 700 m,
1935 644 1997 686 vt
2042 628 2205 685 modo

516 719 758 775 diximus
801 739 904 793 ope
951 719 1237 773 vncinulae
1286 717 1525 786 figatur,
1592 720 1661 768 ita
1713 727 1772 769 vt
1820 732 1959 769 nunc
2030 715 2205 769 solum

518 806 855 861 elementum
908 806 967 857 M
995 821 1042 857 m
1088 805 1321 857 liberum
1368 803 1703 874 relinquatur
1733 844 1746 870 ‚
1805 804 1854 856 ei
1895 800 2021 856 alias
2067 801 2207 854 vires

517 890 786 962 adplicare
832 906 938 943 non
992 889 1125 942 licet
1154 930 1168 956 ‚
1216 889 1311 940 nist
1359 903 1487 957 quae
1533 892 1585 943 id
1634 885 1721 940 vel
1763 901 1832 939 ex
1899 903 1946 940 m
2013 882 2211 938 anesse-

517 989 576 1026 re
624 975 713 1026 vel
760 974 899 1026 circa
946 988 993 1022 m
1041 972 1304 1023 inflee'tere
1351 985 1718 1039 conarentur,
1763 972 1905 1026 vnde
1954 972 2059 1023 iam
2088 983 2208 1021 ma-

519 1056 765 1109 nifistum
828 1055 940 1119 est,
1009 1048 1048 1100 fi
1116 1051 1276 1103 filum
1350 1053 1690 1119 propositum
1762 1055 1927 1107 fuerit
1983 1054 2206 1124 perfecste

522 1137 705 1194 flexile
733 1179 748 1206 ,
815 1139 868 1191 in
934 1136 1136 1209 pune‘to
1184 1136 1245 1192 M
1294 1134 1501 1187 nullam
1547 1135 1663 1188 vim
1707 1134 2070 1191 infletftentem
2112 1139 2211 1191 ad-

521 1225 673 1280 mitti
722 1223 864 1295 poffe
898 1263 912 1289 ,
976 1223 1228 1293 quoniam
1277 1219 1518 1289 alioquin
1560 1237 1588 1272 e
1635 1219 1864 1290 vestigio
1932 1219 2034 1274 hoc
2100 1221 2213 1274 ele-

523 1323 776 1365 mentum
823 1307 891 1361 M
919 1323 966 1360 m
1009 1306 1144 1360 circa
1186 1322 1233 1359 m
1280 1304 1632 1358 inflecteretur
1677 1307 1912 1375 adeoque
1981 1320 2086 1359 non
2156 1307 2213 1358 in

519 1397 614 1450 suo
659 1396 787 1449 statu
835 1388 1256 1447 conseruaretur.
1390 1389 1507 1443 Hoc
1570 1405 1702 1459 ergo
1767 1394 1885 1445 casu
1956 1387 2215 1460 perfectae

521 1479 872 1536 flexibilitatis
900 1520 913 1547 ,
981 1480 1064 1531 vis
1109 1476 1198 1532 illa
1241 1489 1400 1544 quam
1446 1474 1754 1544 quaerimus
1798 1476 1853 1528 in
1901 1475 2103 1545 punCto
2149 1475 2210 1530 M

521 1565 832 1638 adplicanda
904 1562 1181 1617 neceffario
1250 1550 1532 1614 secundum
1609 1560 1779 1631 ipsam
1850 1560 2211 1615 directionem

524 1652 588 1709 M
614 1668 694 1721 m,
742 1648 1024 1705 sollicitare
1069 1647 1262 1713 debet,
1322 1644 1491 1717 ficque
1535 1644 1647 1700 eius
1692 1644 1916 1702 direetio
1954 1646 2059 1699 erit
2103 1643 2212 1716 ipsa

525 1752 575 1790 m
600 1737 661 1792 M
690 1738 759 1790 T.
2198 1739 2201 1742 ·

726 1858 793 1915 V.
839 1863 918 1917 At
963 1859 1002 1915 sl
1050 1860 1208 1922 filum
1254 1860 1493 1915 nostrum
1540 1858 1701 1913 suerit
1723 1855 2033 1912 elasticitate
2062 1874 2217 1929 prae·

527 1944 750 2014 ditum,
830 1961 950 2002 tum
1024 1946 1128 1999 sola
1201 1947 1282 1998 vis
1348 1945 1637 1999 secundum
1709 1955 2016 2013 tangentem
2068 1943 2216 1995 MT

529 2046 637 2083 non
682 2032 911 2086 sufficiet
955 2020 1224 2083 elemento
1269 2029 1323 2080 M
1353 2045 1400 2080 m
1447 2030 1501 2079 in
1560 2028 1660 2079 fitu
1742 2034 1832 2080 {uo
1897 2027 2173 2082 retinendo
2201 2066 2218 2093 ‚
2294 2052 2298 2056 -

529 2112 788 2184 siquidem
835 2117 891 2168 in
939 2113 1140 2182 punfto
1182 2127 1230 2162 m
1285 2110 1446 2162 fuerit
1514 2111 1856 2160 incuruatum
1890 2149 1905 2174 ,
1974 2123 2028 2161 et
2096 2114 2219 2179 quia

529 2199 831 2252 incuruatio
877 2201 993 2253 vim
1042 2198 1307 2267 quandam
1359 2191 1718 2246 inflectentem
1753 2193 2221 2262 postulet‚vtrum

527 2297 709 2338 autem
783 2283 873 2337 hic
945 2281 1250 2337 incuruatio
1314 2278 1474 2332 detur
1540 2292 1609 2330 ex
1677 2287 1920 2345 tangente
1966 2281 2221 2347 proxima

528 2381 623 2423 mt
694 2369 917 2423 iudicari
982 2367 1129 2420 debet
1179 2405 1194 2432 ,
1284 2364 1442 2434 idque
1516 2376 1584 2414 ex
1647 2363 1844 2428 angulo
1908 2363 2222 2419 elementari

531 2455 734 2520 Tmt‚
776 2454 975 2524 quippe
1018 2454 1107 2505 cui
1154 2450 1459 2505 incuruatio
1501 2445 1742 2499 censetur
1790 2449 2221 2519 proportionalis,

529 2555 695 2610 quare
723 2580 738 2609 ‚
783 2538 823 2593 fi
871 2537 1146 2593 elasticitas
1192 2536 1289 2591 filo
1334 2533 1452 2587 infit
1486 2574 1500 2601 ‚
1563 2529 1647 2582 vis
1715 2546 1770 2583 ea
1838 2549 1997 2602 quam
2066 2549 2223 2605 quae-

531 2625 712 2678 rimus
782 2641 888 2677 non
960 2623 1134 2677 solum
1201 2619 1490 2676 secundum
1561 2627 1868 2682 tangentem
1939 2618 2076 2673 MT
2118 2619 2223 2673 erit

533 2709 736 2764 directa
769 2749 784 2775 ‚
826 2710 910 2763 sed
954 2709 1118 2763 etiam
1165 2706 1247 2758 vis
1294 2702 1548 2773 quaedam
1594 2699 1807 2771 obliqua
1851 2705 2014 2758 adeffe
2059 2705 2224 2774 debet„

535 2793 687 2847 cuius
732 2805 1080 2848 momentum
1127 2785 1558 2843 incuruationem
1607 2785 1660 2838 in
1705 2787 1905 2859 puncto
1957 2805 2005 2843 m
2073 2788 2221 2844 susti-

538 2892 664 2936 nere
710 2873 900 2932 valeat.

2116 2955 2216 3014 VI.
