2402 3329
746 254 903 326 νεός
945 234 970 334 (’
1013 269 1049 310 0
1093 260 1118 330 >
1161 256 1316 328 &203
1782 273 1857 328 19

178 417 302 466 ante
355 408 430 464 16
473 420 637 462 annos
679 408 744 464 ab
790 406 1040 464 IllustriS.
1086 411 1196 464 eius
1254 407 1498 465 Auctore
1574 404 1868 462 inuentum

176 493 324 552 fuisse
364 492 649 547 certissime
696 495 844 549 nobis
891 494 1147 548 habemus
1213 496 1575 566 perspectum.
1672 493 1868 566 Quum

178 596 314 636 vero
374 581 570 631 interca
634 578 834 634 Illustr.
906 578 1123 634 Eulerus
1192 579 1293 634 hoc
1365 578 1673 634 Theorema
1737 590 1869 632 cum

176 663 375 732 insigni
424 662 654 732 quodam
699 662 904 718 Galliae
952 663 1346 718 Mathematico
1389 661 1867 732 communicasset,

175 746 448 822 probabile
491 747 718 801 omnino
760 747 829 801 est
864 787 879 815 ‚
926 743 1126 802 Illussr.
1173 745 1551 800 Marchionem
1609 750 1673 801 de
1739 747 1871 802 Con-

177 834 348 889 dorcet
395 846 488 903 per
532 845 660 885 eum
689 833 742 884 in
768 831 1137 900 cognitionem
1159 829 1321 887 huius
1350 829 1728 886 Theorematis
1755 847 1877 902 pet-

178 917 394 973 veniffe.
430 916 522 972 Ex
553 916 784 971 Historia
808 916 954 969 enim
980 914 1361 971 Illustrifl'imae
1386 918 1642 971 Academ.
1669 915 1870 972 Scient.

177 1003 440 1058 Parifinae
487 1016 586 1072 pto
631 1002 784 1054 annis
835 1005 996 1067 1764
1039 1014 1091 1054 et
1146 1007 1297 1066 1765
1339 1003 1661 1071 accepimuS,
1708 1000 1874 1055 modo

180 1087 458 1142 laudatum
489 1085 865 1139 Marchionem
898 1087 1142 1152 primum
1165 1087 1671 1139 demonstrationem
1709 1081 1874 1137 huius

178 1172 560 1225 Theorematis
605 1182 730 1220 cum
784 1167 981 1219 illustr.
1028 1167 1187 1220 Acad.
1261 1167 1488 1221 Parifina
1554 1168 1872 1221 communi·

179 1256 307 1313 caffe
335 1295 349 1320 ,
396 1264 515 1304 tum
564 1265 694 1302 vero
733 1248 1034 1317 conscripto
1077 1248 1338 1302 Trastatu
1397 1249 1462 1302 de
1529 1247 1731 1304 Calculo
1785 1249 1876 1303 In·

180 1337 362 1407 tegrali
405 1333 704 1387 dostrinam
750 1333 816 1385 de
859 1332 1094 1386 criteriis
1139 1331 1571 1401 integrabilitatis
1644 1334 1874 1388 omnino

179 1419 342 1475 fufius
379 1415 669 1486 explicasse.
762 1416 913 1471 Idem
961 1433 1096 1472 vero
1144 1419 1348 1488 insigne
1402 1416 1711 1472 Theorema
1778 1412 1887 1472 oc-‘

179 1503 445 1560 cassonem
489 1516 699 1571 quoque
740 1502 1158 1558 subministrauit
1205 1500 1290 1558 Cl.
1338 1501 1501 1555 huius
1553 1500 1874 1574 dissertatio-

179 1588 261 1642 nis
308 1586 560 1653 Audiori,
607 1586 913 1656 inquirendi
960 1589 1013 1640 in
1060 1590 1277 1644 criteria
1318 1585 1686 1642 formularum
1721 1577 1875 1641 diffe-

176 1670 509 1726 rentialium.
615 1669 805 1742 Quum
849 1673 994 1725 enim
1047 1673 1425 1728 demonstratio
1492 1671 1873 1727 Theorematis

182 1759 347 1812 modo
392 1755 593 1810 laudati
638 1757 702 1808 ab
775 1755 974 1811 illustr.
1042 1757 1221 1813 Eulero
1287 1772 1356 1810 ex
1412 1753 1533 1809 solis
1599 1756 1873 1812 doctrinae

179 1841 491 1896 variationis
552 1840 829 1911 principiis
899 1840 963 1895 sit
1028 1845 1315 1910 adornata,
1386 1856 1578 1910 operae
1642 1841 1872 1896 omnino

179 1928 424 1998 pretium
470 1925 570 1978 fuit
612 1925 922 1980 examinare
953 1967 968 1994 ‚
1016 1944 1080 1980 an
1130 1944 1234 1980 non
1279 1926 1657 1980 demonstratio
1709 1943 1873 1996 quae-

181 2012 305 2064 dam
350 2010 518 2077 magis
562 2009 755 2064 diredia
784 2049 800 2078 ‚
849 2010 899 2064 id
939 2010 1009 2065 est
1052 2027 1119 2066 ex
1163 2009 1281 2064 solis
1315 2009 1517 2065 calculi
1540 2010 1872 2076 differentia-

183 2092 249 2145 lis
293 2095 570 2163 principiis
611 2108 791 2161 eruta,
836 2095 1068 2150 inueniri
1118 2096 1299 2167 poss'et.
1387 2094 1544 2148 Hune
1593 2094 1766 2163 igitur
1816 2097 1873 2149 in

185 2174 351 2229 finem
401 2177 644 2243 primum
696 2177 884 2230 neceffe
925 2191 1078 2242 erat,
1120 2178 1387 2232 eiusmodi
1439 2178 1691 2230 veritates
1758 2177 1874 2232 cal-

184 2260 292 2312 culi
336 2257 694 2310 differentialis
739 2273 886 2312 antea
930 2261 1174 2328 cognitas
1215 2275 1268 2313 et
1311 2261 1690 2314 demonstratas
1751 2263 1869 2315 fun-

182 2342 418 2395 damenti
471 2342 593 2393 loco
635 2341 987 2410 substernere,
1055 2360 1190 2413 quae
1241 2343 1368 2396 huic
1415 2344 1529 2397 vsui
1577 2356 1730 2414 aptae
1773 2345 1872 2400 esse

182 2427 431 2498 possent,
498 2423 648 2480 facile
711 2438 892 2479 autem
961 2428 1246 2499 perspicere
1313 2426 1512 2495 licuit,
1582 2445 1748 2484 omne
1807 2432 1872 2485 de

181 2511 411 2564 criteriis
457 2508 885 2577 integrabilitatis
927 2511 1193 2566 iudicium
1243 2515 1349 2582 peti
1398 2511 1567 2583 posse,
1611 2529 1682 2567 ex
1727 2517 1869 2569 notis

182 2593 597 2664 proprietatibus
653 2595 1020 2649 formularum
1089 2596 1545 2664 integr-abstinui,
1610 2611 1741 2667 quae
1810 2601 1869 2652 in

184 2677 353 2732 Instit.
427 2675 641 2733 Calcul.
687 2680 876 2737 Differ.
919 2680 1119 2738 Illustr.
1165 2680 1340 2735 Euleri
1385 2681 1442 2734 P.
1495 2702 1519 2736 1
1565 2682 1592 2746 ξ
1651 2697 1770 2746 234
1816 2694 1885 2737 et·

182 2763 364 2830 seqqu:
414 2779 509 2816 nec
552 2780 655 2816 non
684 2765 978 2835 apudvalios
1007 2770 1068 2823 de
1091 2763 1295 2820 calculo
1321 2765 1572 2834 integrali
1603 2763 1886 2821 Auctore&

182 2858 487 2901 occurrunt,
536 2845 682 2901 Cum
732 2866 864 2905 vero
908 2846 994 2908 Cl.
1046 2851 1254 2906 Austot
1299 2850 1671 2907 dissertationis
1717 2849 1877 2921 prae-⁴

953 2951 981 2989 c
1033 2957 1066 2991 2
1706 2937 1865 2991 sentis
