<?xml version="1.0" encoding="UTF-8"?>
<!DOCTYPE html PUBLIC "-//W3C//DTD XHTML 1.0 Transitional//EN"
    "http://www.w3.org/TR/xhtml1/DTD/xhtml1-transitional.dtd">
<html xmlns="http://www.w3.org/1999/xhtml" xml:lang="en" lang="en">
 <head>
  <title>
</title>
<meta http-equiv="Content-Type" content="text/html;charset=utf-8" />
  <meta name='ocr-system' content='tesseract 3.04.00' />
  <meta name='ocr-capabilities' content='ocr_page ocr_carea ocr_par ocr_line ocrx_word'/>
</head>
<body>
  <div class='ocr_page' id='page_1' title='image "./novicommentariac15impe_0428.png"; bbox 0 0 2402 3329; ppageno 0'>
   <div class='ocr_carea' id='block_1_1' title="bbox 442 214 1747 304">
    <p class='ocr_par' dir='ltr' id='par_1_1' title="bbox 442 194 1747 304">
     <span class='ocr_line' id='line_1_1' title="bbox 442 214 1747 304; baseline -0.015 -12"><span class='ocrx_word' id='word_1_1' title='bbox 442 243 563 304; x_wconf 69' lang='lat'>362</span> <span class='ocrx_word' id='word_1_2' title='bbox 813 225 949 286; x_wconf 85' lang='lat' dir='ltr'>DE</span> <span class='ocrx_word' id='word_1_3' title='bbox 1011 214 1747 292; x_wconf 79' lang='lat' dir='ltr'>MOTV-MIXTO</span> 
     </span>
    </p>
   </div>
   <div class='ocr_carea' id='block_1_2' title="bbox 362 367 2153 1126">
    <p class='ocr_par' dir='ltr' id='par_1_2' title="bbox 362 367 2153 1126">
     <span class='ocr_line' id='line_1_2' title="bbox 439 367 2134 443; baseline -0.012 -1"><span class='ocrx_word' id='word_1_4' title='bbox 439 399 530 442; x_wconf 88' lang='lat' dir='ltr'>tur</span> <span class='ocrx_word' id='word_1_5' title='bbox 573 387 630 440; x_wconf 84' lang='lat' dir='ltr'>in</span> <span class='ocrx_word' id='word_1_6' title='bbox 681 393 902 438; x_wconf 86' lang='lat' dir='ltr'>motum</span> <span class='ocrx_word' id='word_1_7' title='bbox 947 375 1270 443; x_wconf 82' lang='lat' dir='ltr'>rotatorium</span> <span class='ocrx_word' id='word_1_8' title='bbox 1315 371 1404 429; x_wconf 81' lang='lat' dir='ltr'>vel</span> <span class='ocrx_word' id='word_1_9' title='bbox 1456 370 1819 430; x_wconf 73' lang='lat' dir='ltr'>vibratorium</span> <span class='ocrx_word' id='word_1_10' title='bbox 1887 367 2134 423; x_wconf 75' lang='lat' dir='ltr'>excitan-</span> 
     </span>
     <span class='ocr_line' id='line_1_3' title="bbox 362 456 2131 541; baseline -0.009 -15"><span class='ocrx_word' id='word_1_11' title='bbox 362 525 367 535; x_wconf 63' lang='grc'>,</span> <span class='ocrx_word' id='word_1_12' title='bbox 438 475 591 528; x_wconf 85' lang='lat' dir='ltr'>dum.</span> <span class='ocrx_word' id='word_1_13' title='bbox 684 465 956 541; x_wconf 44' lang='lat' dir='ltr'>&gt;Equidem</span> <span class='ocrx_word' id='word_1_14' title='bbox 998 461 1322 518; x_wconf 82' lang='lat' dir='ltr'>solutionem</span> <span class='ocrx_word' id='word_1_15' title='bbox 1379 459 1698 531; x_wconf 86' lang='lat' dir='ltr'>quaestionis</span> <span class='ocrx_word' id='word_1_16' title='bbox 1765 456 1966 509; x_wconf 75' lang='lat' dir='ltr'>nostrae</span> <span class='ocrx_word' id='word_1_17' title='bbox 2031 470 2131 526; x_wconf 87' lang='lat' dir='ltr'>pro</span> 
     </span>
     <span class='ocr_line' id='line_1_4' title="bbox 439 540 2136 615; baseline -0.012 -4"><span class='ocrx_word' id='word_1_18' title='bbox 439 570 601 611; x_wconf 87' lang='lat' dir='ltr'>motu</span> <span class='ocrx_word' id='word_1_19' title='bbox 648 551 913 610; x_wconf 79' lang='lat' dir='ltr'>rotatorio</span> <span class='ocrx_word' id='word_1_20' title='bbox 954 547 1243 604; x_wconf 70' lang='lat' dir='ltr'>coniunCto</span> <span class='ocrx_word' id='word_1_21' title='bbox 1283 561 1410 602; x_wconf 91' lang='lat' dir='ltr'>cum</span> <span class='ocrx_word' id='word_1_22' title='bbox 1458 558 1617 598; x_wconf 90' lang='lat' dir='ltr'>motu</span> <span class='ocrx_word' id='word_1_23' title='bbox 1669 540 1998 615; x_wconf 71' lang='lat' dir='ltr'>progreffitio</span> <span class='ocrx_word' id='word_1_24' title='bbox 2026 541 2136 593; x_wconf 78' lang='lat' dir='ltr'>iam</span> 
     </span>
     <span class='ocr_line' id='line_1_5' title="bbox 443 625 2137 712; baseline -0.014 -14"><span class='ocrx_word' id='word_1_25' title='bbox 443 655 565 698; x_wconf 80' lang='lat' dir='ltr'>ante</span> <span class='ocrx_word' id='word_1_26' title='bbox 611 641 882 712; x_wconf 85' lang='lat' dir='ltr'>plurimos</span> <span class='ocrx_word' id='word_1_27' title='bbox 924 649 1090 690; x_wconf 87' lang='lat' dir='ltr'>annos</span> <span class='ocrx_word' id='word_1_28' title='bbox 1119 673 1134 701; x_wconf 90' lang='lat'>,</span> <span class='ocrx_word' id='word_1_29' title='bbox 1178 647 1313 688; x_wconf 83' lang='lat' dir='ltr'>cum</span> <span class='ocrx_word' id='word_1_30' title='bbox 1351 647 1378 686; x_wconf 87' lang='lat' dir='ltr'>a</span> <span class='ocrx_word' id='word_1_31' title='bbox 1425 631 1645 685; x_wconf 86' lang='lat' dir='ltr'>nemine</span> <span class='ocrx_word' id='word_1_32' title='bbox 1698 628 1869 682; x_wconf 79' lang='lat' dir='ltr'>adhuc</span> <span class='ocrx_word' id='word_1_33' title='bbox 1941 625 2137 679; x_wconf 70' lang='lat' dir='ltr'>tracta·</span> 
     </span>
     <span class='ocr_line' id='line_1_6' title="bbox 442 712 2140 789; baseline -0.013 -6"><span class='ocrx_word' id='word_1_34' title='bbox 442 742 568 783; x_wconf 75' lang='lat' dir='ltr'>tum</span> <span class='ocrx_word' id='word_1_35' title='bbox 613 727 738 781; x_wconf 77' lang='lat' dir='ltr'>esset</span> <span class='ocrx_word' id='word_1_36' title='bbox 783 724 887 778; x_wconf 88' lang='lat' dir='ltr'>hoc</span> <span class='ocrx_word' id='word_1_37' title='bbox 933 732 1322 789; x_wconf 81' lang='lat' dir='ltr'>argumentum</span> <span class='ocrx_word' id='word_1_38' title='bbox 1353 759 1368 786; x_wconf 86' lang='lat'><strong><em>‚</em></strong></span> <span class='ocrx_word' id='word_1_39' title='bbox 1429 734 1555 771; x_wconf 91' lang='lat' dir='ltr'>cum</span> <span class='ocrx_word' id='word_1_40' title='bbox 1626 712 1920 769; x_wconf 75' lang='lat' dir='ltr'>Academia</span> <span class='ocrx_word' id='word_1_41' title='bbox 1985 726 2140 765; x_wconf 89' lang='lat' dir='ltr'>com-</span> 
     </span>
     <span class='ocr_line' id='line_1_7' title="bbox 440 801 2143 867; baseline -0.011 0"><span class='ocrx_word' id='word_1_42' title='bbox 440 812 724 867; x_wconf 86' lang='lat' dir='ltr'>municaui</span> <span class='ocrx_word' id='word_1_43' title='bbox 773 810 827 863; x_wconf 90' lang='lat' dir='ltr'>in</span> <span class='ocrx_word' id='word_1_44' title='bbox 874 805 1119 863; x_wconf 75' lang='lat' dir='ltr'>Diatriba</span> <span class='ocrx_word' id='word_1_45' title='bbox 1165 803 1308 858; x_wconf 87' lang='lat' dir='ltr'>hisce</span> <span class='ocrx_word' id='word_1_46' title='bbox 1355 801 1762 857; x_wconf 82' lang='lat' dir='ltr'>commentariis</span> <span class='ocrx_word' id='word_1_47' title='bbox 1815 802 1934 859; x_wconf 71' lang='lat' dir='ltr'>⁴iuo</span> <span class='ocrx_word' id='word_1_48' title='bbox 2002 812 2143 850; x_wconf 87' lang='lat' dir='ltr'>tem-</span> 
     </span>
     <span class='ocr_line' id='line_1_8' title="bbox 439 882 2144 971; baseline -0.011 -19"><span class='ocrx_word' id='word_1_49' title='bbox 439 913 573 971; x_wconf 84' lang='lat' dir='ltr'>pore</span> <span class='ocrx_word' id='word_1_50' title='bbox 643 898 831 951; x_wconf 85' lang='lat' dir='ltr'>inserta</span> <span class='ocrx_word' id='word_1_51' title='bbox 896 892 957 944; x_wconf 82' lang='lat' dir='ltr'>de</span> <span class='ocrx_word' id='word_1_52' title='bbox 994 888 1287 961; x_wconf 80' lang='lat' dir='ltr'>percuffione</span> <span class='ocrx_word' id='word_1_53' title='bbox 1326 888 1649 940; x_wconf 70' lang='lat' dir='ltr'><em>excentrica:</em></span> <span class='ocrx_word' id='word_1_54' title='bbox 1696 884 1819 956; x_wconf 79' lang='lat' dir='ltr'>quia</span> <span class='ocrx_word' id='word_1_55' title='bbox 1861 898 1996 937; x_wconf 77' lang='lat' dir='ltr'>vero</span> <span class='ocrx_word' id='word_1_56' title='bbox 2031 882 2144 935; x_wconf 85' lang='lat' dir='ltr'>ani-</span> 
     </span>
     <span class='ocr_line' id='line_1_9' title="bbox 444 968 2144 1040; baseline -0.009 -7"><span class='ocrx_word' id='word_1_57' title='bbox 444 996 570 1035; x_wconf 84' lang='lat' dir='ltr'>mus</span> <span class='ocrx_word' id='word_1_58' title='bbox 614 979 683 1032; x_wconf 90' lang='lat' dir='ltr'>est</span> <span class='ocrx_word' id='word_1_59' title='bbox 726 973 1008 1031; x_wconf 85' lang='lat' dir='ltr'>communi</span> <span class='ocrx_word' id='word_1_60' title='bbox 1053 970 1325 1038; x_wconf 85' lang='lat' dir='ltr'>principio</span> <span class='ocrx_word' id='word_1_61' title='bbox 1365 969 1633 1020; x_wconf 85' lang='lat' dir='ltr'>theoriam</span> <span class='ocrx_word' id='word_1_62' title='bbox 1667 968 2101 1040; x_wconf 54' lang='lat' dir='ltr'>⁴superinstruere</span> <span class='ocrx_word' id='word_1_63' title='bbox 2128 1006 2144 1034; x_wconf 88' lang='lat'>,</span> 
     </span>
     <span class='ocr_line' id='line_1_10' title="bbox 446 1050 2153 1126; baseline -0.008 -9"><span class='ocrx_word' id='word_1_64' title='bbox 446 1064 555 1117; x_wconf 88' lang='lat' dir='ltr'>erit</span> <span class='ocrx_word' id='word_1_65' title='bbox 595 1075 624 1111; x_wconf 90' lang='lat' dir='ltr'>e</span> <span class='ocrx_word' id='word_1_66' title='bbox 679 1075 738 1113; x_wconf 87' lang='lat' dir='ltr'>re</span> <span class='ocrx_word' id='word_1_67' title='bbox 783 1055 952 1111; x_wconf 83' lang='lat' dir='ltr'>nostra</span> <span class='ocrx_word' id='word_1_68' title='bbox 997 1050 1287 1126; x_wconf 80' lang='lat' dir='ltr'>pristinum</span> <span class='ocrx_word' id='word_1_69' title='bbox 1334 1061 1722 1116; x_wconf 81' lang='lat' dir='ltr'>argumentum</span> <span class='ocrx_word' id='word_1_70' title='bbox 1786 1050 2019 1105; x_wconf 86' lang='lat' dir='ltr'>breuiter</span> <span class='ocrx_word' id='word_1_71' title='bbox 2064 1066 2153 1106; x_wconf 48' lang='lat' dir='ltr'>rem</span> 
     </span>
    </p>
   </div>
   <div class='ocr_carea' id='block_1_3' title="bbox 449 1148 677 1202">
    <p class='ocr_par' dir='ltr' id='par_1_3' title="bbox 449 1148 677 1202">
     <span class='ocr_line' id='line_1_11' title="bbox 449 1148 677 1202; baseline -0.004 0"><span class='ocrx_word' id='word_1_72' title='bbox 449 1148 677 1202; x_wconf 85' lang='lat' dir='ltr'>sumere.</span> 
     </span>
    </p>
   </div>
   <div class='ocr_carea' id='block_1_4' title="bbox 187 1297 2160 1977">
    <p class='ocr_par' dir='ltr' id='par_1_4' title="bbox 187 1297 2160 1977">
     <span class='ocr_line' id='line_1_12' title="bbox 187 1297 2155 1387; baseline -0.006 -20"><span class='ocrx_word' id='word_1_73' title='bbox 187 1335 302 1387; x_wconf 46' lang='grc' dir='ltr'>Τὼ,</span> <span class='ocrx_word' id='word_1_74' title='bbox 333 1332 431 1381; x_wconf 70' lang='lat' dir='ltr'>vn,</span> <span class='ocrx_word' id='word_1_75' title='bbox 648 1300 698 1366; x_wconf 79' lang='lat'>§.</span> <span class='ocrx_word' id='word_1_76' title='bbox 776 1327 826 1363; x_wconf 83' lang='lat'>2.</span> <span class='ocrx_word' id='word_1_77' title='bbox 895 1300 978 1361; x_wconf 91' lang='lat' dir='ltr'>Sit</span> <span class='ocrx_word' id='word_1_78' title='bbox 1039 1301 1212 1374; x_wconf 83' lang='lat' dir='ltr'>igitur</span> <span class='ocrx_word' id='word_1_79' title='bbox 1278 1299 1434 1368; x_wconf 79' lang='lat' dir='ltr'>virga</span> <span class='ocrx_word' id='word_1_80' title='bbox 1479 1317 1512 1353; x_wconf 80' lang='lat' dir='ltr'><em>a</em></span> <span class='ocrx_word' id='word_1_81' title='bbox 1555 1297 1588 1354; x_wconf 83' lang='lat' dir='ltr'><em>h</em></span> <span class='ocrx_word' id='word_1_82' title='bbox 1633 1299 1818 1367; x_wconf 67' lang='lat' dir='ltr'>resta,</span> <span class='ocrx_word' id='word_1_83' title='bbox 1878 1308 2155 1371; x_wconf 75' lang='lat' dir='ltr'>vtcunque</span> 
     </span>
     <span class='ocr_line' id='line_1_13' title="bbox 217 1384 2154 1468; baseline -0.01 -14"><span class='ocrx_word' id='word_1_84' title='bbox 217 1405 309 1468; x_wconf 83' lang='lat' dir='ltr'>Fig·</span> <span class='ocrx_word' id='word_1_85' title='bbox 344 1417 376 1448; x_wconf 88' lang='lat'>1·</span> <span class='ocrx_word' id='word_1_86' title='bbox 455 1394 809 1467; x_wconf 81' lang='lat' dir='ltr'>inaequaliter</span> <span class='ocrx_word' id='word_1_87' title='bbox 877 1392 1054 1461; x_wconf 88' lang='lat' dir='ltr'>grauis</span> <span class='ocrx_word' id='word_1_88' title='bbox 1099 1386 1415 1456; x_wconf 80' lang='lat' dir='ltr'>nullamque</span> <span class='ocrx_word' id='word_1_89' title='bbox 1456 1386 1740 1439; x_wconf 85' lang='lat' dir='ltr'>admittens</span> <span class='ocrx_word' id='word_1_90' title='bbox 1784 1384 2154 1440; x_wconf 84' lang='lat' dir='ltr'>inflexionem:</span> 
     </span>
     <span class='ocr_line' id='line_1_14' title="bbox 454 1467 2158 1559; baseline -0.011 -21"><span class='ocrx_word' id='word_1_91' title='bbox 454 1483 788 1559; x_wconf 82' lang='lat' dir='ltr'>percutiatur</span> <span class='ocrx_word' id='word_1_92' title='bbox 836 1477 893 1530; x_wconf 91' lang='lat' dir='ltr'>in</span> <span class='ocrx_word' id='word_1_93' title='bbox 939 1473 1145 1547; x_wconf 65' lang='lat' dir='ltr'>puncto</span> <span class='ocrx_word' id='word_1_94' title='bbox 1186 1489 1214 1527; x_wconf 90' lang='lat' dir='ltr'>c</span> <span class='ocrx_word' id='word_1_95' title='bbox 1259 1473 1434 1527; x_wconf 74' lang='lat' dir='ltr'>versus</span> <span class='ocrx_word' id='word_1_96' title='bbox 1477 1488 1530 1544; x_wconf 65' lang='lat' dir='ltr'>‘y</span> <span class='ocrx_word' id='word_1_97' title='bbox 1561 1484 1718 1543; x_wconf 86' lang='lat' dir='ltr'>atque</span> <span class='ocrx_word' id='word_1_98' title='bbox 1741 1467 1842 1524; x_wconf 89' lang='lat' dir='ltr'>hoc</span> <span class='ocrx_word' id='word_1_99' title='bbox 1866 1471 2158 1543; x_wconf 59' lang='lat' dir='ltr'>mustum,</span> 
     </span>
     <span class='ocr_line' id='line_1_15' title="bbox 454 1557 2155 1644; baseline -0.008 -23"><span class='ocrx_word' id='word_1_100' title='bbox 454 1570 644 1644; x_wconf 87' lang='lat' dir='ltr'>primo</span> <span class='ocrx_word' id='word_1_101' title='bbox 691 1566 802 1639; x_wconf 91' lang='lat' dir='ltr'>post</span> <span class='ocrx_word' id='word_1_102' title='bbox 849 1561 1237 1635; x_wconf 72' lang='lat' dir='ltr'>percussionem</span> <span class='ocrx_word' id='word_1_103' title='bbox 1287 1558 1640 1630; x_wconf 68' lang='lat' dir='ltr'>tempuicuio,</span> <span class='ocrx_word' id='word_1_104' title='bbox 1685 1557 1964 1629; x_wconf 87' lang='lat' dir='ltr'>peruenire</span> <span class='ocrx_word' id='word_1_105' title='bbox 2002 1567 2155 1625; x_wconf 87' lang='lat' dir='ltr'>pute-</span> 
     </span>
     <span class='ocr_line' id='line_1_16' title="bbox 460 1640 2157 1725; baseline -0.008 -17"><span class='ocrx_word' id='word_1_106' title='bbox 460 1670 546 1709; x_wconf 89' lang='lat' dir='ltr'>tur</span> <span class='ocrx_word' id='word_1_107' title='bbox 593 1655 649 1707; x_wconf 91' lang='lat' dir='ltr'>in</span> <span class='ocrx_word' id='word_1_108' title='bbox 695 1670 748 1725; x_wconf 70' lang='lat' dir='ltr'>‘y</span> <span class='ocrx_word' id='word_1_109' title='bbox 797 1661 1074 1718; x_wconf 85' lang='lat' dir='ltr'>totamque</span> <span class='ocrx_word' id='word_1_110' title='bbox 1132 1645 1349 1713; x_wconf 82' lang='lat' dir='ltr'>virgam</span> <span class='ocrx_word' id='word_1_111' title='bbox 1418 1644 1474 1696; x_wconf 89' lang='lat' dir='ltr'>in</span> <span class='ocrx_word' id='word_1_112' title='bbox 1537 1641 1702 1696; x_wconf 73' lang='lat' dir='ltr'>situm</span> <span class='ocrx_word' id='word_1_113' title='bbox 1773 1659 1808 1694; x_wconf 87' lang='grc' dir='ltr'>α</span> <span class='ocrx_word' id='word_1_114' title='bbox 1853 1661 1905 1716; x_wconf 65' lang='grc' dir='ltr'>νγ</span> <span class='ocrx_word' id='word_1_115' title='bbox 1953 1640 2025 1709; x_wconf 62' lang='grc' dir='ltr'>ἐς</span> <span class='ocrx_word' id='word_1_116' title='bbox 2086 1640 2157 1698; x_wconf 88' lang='lat' dir='ltr'>fic</span> 
     </span>
     <span class='ocr_line' id='line_1_17' title="bbox 458 1727 2158 1798; baseline -0.006 -4"><span class='ocrx_word' id='word_1_117' title='bbox 458 1739 621 1794; x_wconf 78' lang='lat' dir='ltr'>ambo</span> <span class='ocrx_word' id='word_1_118' title='bbox 662 1737 789 1791; x_wconf 82' lang='lat' dir='ltr'>situs</span> <span class='ocrx_word' id='word_1_119' title='bbox 834 1734 884 1787; x_wconf 89' lang='lat' dir='ltr'>se</span> <span class='ocrx_word' id='word_1_120' title='bbox 933 1732 1316 1787; x_wconf 82' lang='lat' dir='ltr'>intersecabunt</span> <span class='ocrx_word' id='word_1_121' title='bbox 1357 1728 1413 1781; x_wconf 92' lang='lat' dir='ltr'>in</span> <span class='ocrx_word' id='word_1_122' title='bbox 1461 1727 1661 1798; x_wconf 66' lang='lat' dir='ltr'>puncto</span> <span class='ocrx_word' id='word_1_123' title='bbox 1706 1743 1789 1794; x_wconf 64' lang='grc' dir='ltr'>ες</span> <span class='ocrx_word' id='word_1_124' title='bbox 1844 1729 1979 1782; x_wconf 84' lang='lat' dir='ltr'>istud</span> <span class='ocrx_word' id='word_1_125' title='bbox 2024 1743 2158 1783; x_wconf 76' lang='lat' dir='ltr'>vero</span> 
     </span>
     <span class='ocr_line' id='line_1_18' title="bbox 460 1809 2156 1898; baseline -0.007 -20"><span class='ocrx_word' id='word_1_126' title='bbox 460 1823 733 1898; x_wconf 64' lang='lat' dir='ltr'>pundtum</span> <span class='ocrx_word' id='word_1_127' title='bbox 779 1816 870 1875; x_wconf 76' lang='lat' dir='ltr'>vel</span> <span class='ocrx_word' id='word_1_128' title='bbox 916 1817 1061 1873; x_wconf 87' lang='lat' dir='ltr'>intra</span> <span class='ocrx_word' id='word_1_129' title='bbox 1128 1816 1496 1873; x_wconf 82' lang='lat' dir='ltr'>extremitates</span> <span class='ocrx_word' id='word_1_130' title='bbox 1563 1830 1596 1867; x_wconf 85' lang='grc' dir='ltr'><em>α</em></span> <span class='ocrx_word' id='word_1_131' title='bbox 1641 1823 1693 1864; x_wconf 89' lang='lat' dir='ltr'>et</span> <span class='ocrx_word' id='word_1_132' title='bbox 1739 1809 1771 1864; x_wconf 82' lang='lat' dir='ltr'><em>b</em></span> <span class='ocrx_word' id='word_1_133' title='bbox 1845 1812 1935 1866; x_wconf 72' lang='lat' dir='ltr'>vel</span> <span class='ocrx_word' id='word_1_134' title='bbox 2003 1825 2156 1867; x_wconf 84' lang='lat' dir='ltr'>extra</span> 
     </span>
     <span class='ocr_line' id='line_1_19' title="bbox 459 1897 2160 1977; baseline -0.009 -13"><span class='ocrx_word' id='word_1_135' title='bbox 459 1926 546 1964; x_wconf 83' lang='lat' dir='ltr'>eas</span> <span class='ocrx_word' id='word_1_136' title='bbox 585 1909 767 1962; x_wconf 84' lang='lat' dir='ltr'>cadere</span> <span class='ocrx_word' id='word_1_137' title='bbox 812 1906 1055 1977; x_wconf 88' lang='lat' dir='ltr'>poterit;</span> <span class='ocrx_word' id='word_1_138' title='bbox 1099 1905 1158 1959; x_wconf 83' lang='lat' dir='ltr'>ab</span> <span class='ocrx_word' id='word_1_139' title='bbox 1202 1919 1269 1956; x_wconf 90' lang='lat' dir='ltr'>eo</span> <span class='ocrx_word' id='word_1_140' title='bbox 1302 1912 1483 1955; x_wconf 83' lang='lat' dir='ltr'>autem</span> <span class='ocrx_word' id='word_1_141' title='bbox 1511 1909 1756 1970; x_wconf 88' lang='lat' dir='ltr'>tempore</span> <span class='ocrx_word' id='word_1_142' title='bbox 1779 1897 1959 1950; x_wconf 83' lang='lat' dir='ltr'>audire</span> <span class='ocrx_word' id='word_1_143' title='bbox 1983 1898 2160 1965; x_wconf 83' lang='lat' dir='ltr'>coepit</span> 
     </span>
    </p>
   </div>
   <div class='ocr_carea' id='block_1_5' title="bbox 462 1980 2160 2145">
    <p class='ocr_par' dir='ltr' id='par_1_5' title="bbox 462 1980 2160 2145">
     <span class='ocr_line' id='line_1_20' title="bbox 462 1980 2160 2061; baseline -0.009 -12"><span class='ocrx_word' id='word_1_144' title='bbox 462 2006 687 2049; x_wconf 79' lang='lat' dir='ltr'>centrum</span> <span class='ocrx_word' id='word_1_145' title='bbox 757 1992 1026 2045; x_wconf 75' lang='lat' dir='ltr'>rotationis</span> <span class='ocrx_word' id='word_1_146' title='bbox 1074 1989 1376 2061; x_wconf 80' lang='lat' dir='ltr'>spontaneae</span> <span class='ocrx_word' id='word_1_147' title='bbox 1426 2027 1443 2054; x_wconf 87' lang='lat'>,</span> <span class='ocrx_word' id='word_1_148' title='bbox 1529 1980 1738 2036; x_wconf 75' lang='lat' dir='ltr'>etiamsi</span> <span class='ocrx_word' id='word_1_149' title='bbox 1808 1999 1909 2052; x_wconf 87' lang='lat' dir='ltr'>pro</span> <span class='ocrx_word' id='word_1_150' title='bbox 1975 1981 2160 2053; x_wconf 86' lang='lat' dir='ltr'>primo</span> 
     </span>
     <span class='ocr_line' id='line_1_21' title="bbox 465 2064 2160 2145; baseline -0.011 -13"><span class='ocrx_word' id='word_1_151' title='bbox 465 2090 685 2132; x_wconf 80' lang='lat' dir='ltr'>tantum</span> <span class='ocrx_word' id='word_1_152' title='bbox 729 2091 755 2127; x_wconf 81' lang='lat' dir='ltr'>a</span> <span class='ocrx_word' id='word_1_153' title='bbox 798 2072 1119 2145; x_wconf 74' lang='lat' dir='ltr'>percussione</span> <span class='ocrx_word' id='word_1_154' title='bbox 1166 2068 1507 2137; x_wconf 88' lang='lat' dir='ltr'>tempusculo</span> <span class='ocrx_word' id='word_1_155' title='bbox 1550 2064 1766 2116; x_wconf 87' lang='lat' dir='ltr'>admitti</span> <span class='ocrx_word' id='word_1_156' title='bbox 1793 2065 1982 2122; x_wconf 76' lang='lat' dir='ltr'>noffit:</span> <span class='ocrx_word' id='word_1_157' title='bbox 2030 2080 2160 2118; x_wconf 82' lang='lat' dir='ltr'>vera</span> 
     </span>
    </p>
   </div>
   <div class='ocr_carea' id='block_1_6' title="bbox 464 2147 2168 2974">
    <p class='ocr_par' dir='ltr' id='par_1_6' title="bbox 464 2147 2168 2918">
     <span class='ocr_line' id='line_1_22' title="bbox 464 2147 2163 2228; baseline -0.012 -9"><span class='ocrx_word' id='word_1_158' title='bbox 464 2161 670 2228; x_wconf 84' lang='lat' dir='ltr'>rotatio</span> <span class='ocrx_word' id='word_1_159' title='bbox 710 2157 774 2211; x_wconf 92' lang='lat' dir='ltr'>fit</span> <span class='ocrx_word' id='word_1_160' title='bbox 818 2159 958 2213; x_wconf 84' lang='lat' dir='ltr'>circa</span> <span class='ocrx_word' id='word_1_161' title='bbox 1002 2166 1248 2209; x_wconf 88' lang='lat' dir='ltr'>centrum</span> <span class='ocrx_word' id='word_1_162' title='bbox 1297 2148 1618 2219; x_wconf 74' lang='lat' dir='ltr'>grauitatiS,</span> <span class='ocrx_word' id='word_1_163' title='bbox 1664 2150 1808 2217; x_wconf 90' lang='lat' dir='ltr'>quod</span> <span class='ocrx_word' id='word_1_164' title='bbox 1854 2149 2030 2218; x_wconf 86' lang='lat' dir='ltr'>ipsum</span> <span class='ocrx_word' id='word_1_165' title='bbox 2089 2147 2163 2200; x_wconf 88' lang='lat' dir='ltr'>fi-</span> 
     </span>
     <span class='ocr_line' id='line_1_23' title="bbox 471 2231 2166 2305; baseline -0.01 -2"><span class='ocrx_word' id='word_1_166' title='bbox 471 2246 594 2303; x_wconf 88' lang='lat' dir='ltr'>mul</span> <span class='ocrx_word' id='word_1_167' title='bbox 661 2256 816 2301; x_wconf 88' lang='lat' dir='ltr'>motu</span> <span class='ocrx_word' id='word_1_168' title='bbox 883 2240 1171 2296; x_wconf 66' lang='lat' dir='ltr'>rectilineo</span> <span class='ocrx_word' id='word_1_169' title='bbox 1235 2235 1585 2292; x_wconf 85' lang='lat' dir='ltr'>vniformiter</span> <span class='ocrx_word' id='word_1_170' title='bbox 1652 2233 1867 2286; x_wconf 90' lang='lat' dir='ltr'>moueri</span> <span class='ocrx_word' id='word_1_171' title='bbox 1937 2231 2166 2305; x_wconf 84' lang='lat' dir='ltr'>pergit,</span> 
     </span>
     <span class='ocr_line' id='line_1_24' title="bbox 468 2317 2166 2405; baseline -0.01 -17"><span class='ocrx_word' id='word_1_172' title='bbox 468 2333 647 2405; x_wconf 83' lang='lat' dir='ltr'>sicque</span> <span class='ocrx_word' id='word_1_173' title='bbox 691 2342 873 2385; x_wconf 81' lang='lat' dir='ltr'>motus</span> <span class='ocrx_word' id='word_1_174' title='bbox 914 2326 1181 2383; x_wconf 88' lang='lat' dir='ltr'>absolutus</span> <span class='ocrx_word' id='word_1_175' title='bbox 1234 2320 1661 2387; x_wconf 82' lang='lat' dir='ltr'>vniuscuiusque</span> <span class='ocrx_word' id='word_1_176' title='bbox 1729 2317 1917 2388; x_wconf 58' lang='lat' dir='ltr'>puniti</span> <span class='ocrx_word' id='word_1_177' title='bbox 1986 2319 2166 2372; x_wconf 79' lang='lat' dir='ltr'>varia-</span> 
     </span>
     <span class='ocr_line' id='line_1_25' title="bbox 471 2403 2165 2486; baseline -0.009 -14"><span class='ocrx_word' id='word_1_178' title='bbox 471 2418 595 2473; x_wconf 85' lang='lat' dir='ltr'>bilis</span> <span class='ocrx_word' id='word_1_179' title='bbox 638 2417 707 2470; x_wconf 91' lang='lat' dir='ltr'>est</span> <span class='ocrx_word' id='word_1_180' title='bbox 752 2432 847 2470; x_wconf 90' lang='lat' dir='ltr'>nec</span> <span class='ocrx_word' id='word_1_181' title='bbox 894 2416 1157 2486; x_wconf 67' lang='lat' dir='ltr'>punctum</span> <span class='ocrx_word' id='word_1_182' title='bbox 1188 2403 1883 2464; x_wconf 70' lang='lat' dir='ltr'>intersec&#39;tioniseabsolute</span> <span class='ocrx_word' id='word_1_183' title='bbox 1928 2404 2165 2474; x_wconf 86' lang='lat' dir='ltr'>quiescit,</span> 
     </span>
     <span class='ocr_line' id='line_1_26' title="bbox 473 2489 2165 2567; baseline -0.009 -10"><span class='ocrx_word' id='word_1_184' title='bbox 473 2506 541 2557; x_wconf 79' lang='lat' dir='ltr'>ad</span> <span class='ocrx_word' id='word_1_185' title='bbox 592 2512 936 2557; x_wconf 87' lang='lat' dir='ltr'>momentum</span> <span class='ocrx_word' id='word_1_186' title='bbox 982 2514 1141 2567; x_wconf 86' lang='lat' dir='ltr'>quam</span> <span class='ocrx_word' id='word_1_187' title='bbox 1199 2512 1324 2552; x_wconf 89' lang='lat' dir='ltr'>cum</span> <span class='ocrx_word' id='word_1_188' title='bbox 1394 2501 1578 2547; x_wconf 88' lang='lat' dir='ltr'>motus</span> <span class='ocrx_word' id='word_1_189' title='bbox 1645 2490 1817 2543; x_wconf 89' lang='lat' dir='ltr'>centri</span> <span class='ocrx_word' id='word_1_190' title='bbox 1886 2489 2165 2558; x_wconf 79' lang='lat' dir='ltr'>grauitatis</span> 
     </span>
     <span class='ocr_line' id='line_1_27' title="bbox 475 2572 2168 2660; baseline -0.008 -18"><span class='ocrx_word' id='word_1_191' title='bbox 475 2590 538 2643; x_wconf 78' lang='lat' dir='ltr'>ad</span> <span class='ocrx_word' id='word_1_192' title='bbox 584 2588 907 2660; x_wconf 85' lang='lat' dir='ltr'>pofitionem</span> <span class='ocrx_word' id='word_1_193' title='bbox 954 2588 1140 2654; x_wconf 79' lang='lat' dir='ltr'>virg-ae</span> <span class='ocrx_word' id='word_1_194' title='bbox 1195 2573 1646 2653; x_wconf 86' lang='lat' dir='ltr'>perpendicularis</span> <span class='ocrx_word' id='word_1_195' title='bbox 1711 2576 1798 2630; x_wconf 86' lang='lat' dir='ltr'>est.</span> <span class='ocrx_word' id='word_1_196' title='bbox 1909 2572 2168 2629; x_wconf 82' lang='lat' dir='ltr'>Sumatur</span> 
     </span>
     <span class='ocr_line' id='line_1_28' title="bbox 474 2658 2166 2745; baseline -0.008 -17"><span class='ocrx_word' id='word_1_197' title='bbox 474 2690 620 2728; x_wconf 89' lang='lat' dir='ltr'>nunc</span> <span class='ocrx_word' id='word_1_198' title='bbox 663 2673 928 2745; x_wconf 69' lang='lat' dir='ltr'>punctum</span> <span class='ocrx_word' id='word_1_199' title='bbox 970 2688 999 2725; x_wconf 87' lang='lat' dir='ltr'>e</span> <span class='ocrx_word' id='word_1_200' title='bbox 1046 2686 1147 2740; x_wconf 88' lang='lat' dir='ltr'>pro</span> <span class='ocrx_word' id='word_1_201' title='bbox 1189 2666 1350 2720; x_wconf 90' lang='lat' dir='ltr'>initio</span> <span class='ocrx_word' id='word_1_202' title='bbox 1394 2658 1721 2715; x_wconf 70' lang='lat' dir='ltr'>abscissurum</span> <span class='ocrx_word' id='word_1_203' title='bbox 1767 2660 1937 2732; x_wconf 88' lang='lat' dir='ltr'>fitque</span> <span class='ocrx_word' id='word_1_204' title='bbox 1980 2661 2166 2716; x_wconf 80' lang='lat' dir='ltr'>distan-</span> 
     </span>
     <span class='ocr_line' id='line_1_29' title="bbox 481 2745 2165 2820; baseline -0.008 -8"><span class='ocrx_word' id='word_1_205' title='bbox 481 2760 557 2812; x_wconf 85' lang='lat' dir='ltr'>tia</span> <span class='ocrx_word' id='word_1_206' title='bbox 601 2776 676 2811; x_wconf 82' lang='lat' dir='ltr'>ce</span> <span class='ocrx_word' id='word_1_207' title='bbox 703 2779 770 2813; x_wconf 70' lang='grc' dir='ltr'>Ξ</span> <span class='ocrx_word' id='word_1_208' title='bbox 796 2773 862 2812; x_wconf 80' lang='lat' dir='ltr'>s:</span> <span class='ocrx_word' id='word_1_209' title='bbox 907 2755 1094 2812; x_wconf 86' lang='lat' dir='ltr'>deinde</span> <span class='ocrx_word' id='word_1_210' title='bbox 1137 2753 1247 2806; x_wconf 91' lang='lat' dir='ltr'>duo</span> <span class='ocrx_word' id='word_1_211' title='bbox 1288 2747 1620 2820; x_wconf 82' lang='lat' dir='ltr'>accipiantur</span> <span class='ocrx_word' id='word_1_212' title='bbox 1688 2747 1880 2819; x_wconf 62' lang='lat' dir='ltr'>puncta</span> <span class='ocrx_word' id='word_1_213' title='bbox 1949 2745 2165 2800; x_wconf 86' lang='lat' dir='ltr'>infinite</span> 
     </span>
     <span class='ocr_line' id='line_1_30' title="bbox 483 2830 2166 2918; baseline -0.01 -18"><span class='ocrx_word' id='word_1_214' title='bbox 483 2830 789 2918; x_wconf 68' lang='lat' dir='ltr'>propinqua</span> <span class='ocrx_word' id='word_1_215' title='bbox 855 2853 976 2897; x_wconf 80' lang='lat' dir='ltr'>oct</span> <span class='ocrx_word' id='word_1_216' title='bbox 1036 2849 1114 2914; x_wconf 77' lang='lat' dir='ltr'>p3</span> <span class='ocrx_word' id='word_1_217' title='bbox 1182 2848 1417 2910; x_wconf 80' lang='lat' dir='ltr'>ponatur</span> <span class='ocrx_word' id='word_1_218' title='bbox 1481 2848 1757 2904; x_wconf 63' lang='grc' dir='ltr'>ΒΘΖ-’.νς</span> <span class='ocrx_word' id='word_1_219' title='bbox 1827 2831 2166 2909; x_wconf 73' lang='lat' dir='ltr'>opzdx;</span> 
     </span>
    </p>

    <p class='ocr_par' dir='ltr' id='par_1_7' title="bbox 1977 2925 2165 2974">
     <span class='ocr_line' id='line_1_31' title="bbox 1977 2925 2165 2974; baseline -0.021 0"><span class='ocrx_word' id='word_1_220' title='bbox 1977 2925 2165 2974; x_wconf 85' lang='lat' dir='ltr'>centro</span> 
     </span>
    </p>
   </div>
  </div>
 </body>
</html>
