2402 3329
415 258 641 322 cfflcA
685 260 1022 321 RADICES
1067 262 1677 340 AEQVATIONVM‚
1813 283 1884 334 53

220 436 304 472 rae
347 413 400 469 D
442 426 677 485 quatuor
719 426 770 467 et
814 415 887 469 ita
936 432 1138 487 porte,
1204 427 1361 486 atque
1416 416 1750 470 manifestum
1821 420 1894 471 est

216 505 273 555 in
337 499 578 569 qualibet
643 501 814 553 forma
882 501 1086 555 nonnisi
1156 502 1420 555 eiusmodi
1465 516 1740 555 occurrere
1791 515 1896 555 ter-

215 586 392 640 minos
464 585 517 636 in
589 585 779 655 quibus
843 585 1242 640 dimensionum
1290 601 1548 640 numerus
1601 586 1663 640 sit
1723 602 1896 658 expo-

210 669 356 723 nenti
424 671 744 740 potestatum
791 671 1033 724 radicum
1062 712 1075 738 ‚
1146 687 1373 741 quarum
1419 672 1631 724 summa
1678 671 1899 726 exhibe-

213 768 345 821 tur,
412 755 658 827 aequalis
778 754 859 806 lta
927 760 981 807 in
1045 757 1219 807 forma
1273 748 1385 827 sx⁷
1431 754 1628 823 singuli
1676 757 1898 811 termini

208 839 490 893 continent
532 841 730 911 septem
774 838 1159 900 dimensioneS,
1203 848 1359 908 atque
1404 839 1534 893 adeo
1558 852 1746 893 omnes
1795 854 1898 893 ter*

209 925 352 978 mini
440 941 533 996 per
635 937 888 978 mutuam
979 922 1435 978 combinationem
1522 924 1726 995 septem
1805 926 1899 978 cli--²

212 1009 510 1064 mensiones
552 1008 902 1079 adimplentes
948 1009 1004 1063 in
1050 1026 1107 1062 ea
1146 1011 1516 1080 reperiuntur,
1560 1010 1699 1080 quod
1725 1010 1895 1062 etiam

212 1096 275 1147 de
314 1098 564 1150 omnibus
610 1095 798 1148 formis
844 1095 917 1146 est
964 1094 1272 1147 tenendum.
1382 1093 1667 1163 Imprimis
1717 1108 1897 1151 autem

214 1179 473 1232 obseruari
519 1169 794 1241 conuenit,
838 1175 969 1231 alias
1012 1176 1320 1230 litterarum
1368 1174 1445 1246 A,
1488 1176 1553 1245 B,
1592 1176 1658 1248 C,
1699 1177 1759 1247 D·
1797 1191 1895 1235 ete.

213 1265 486 1334 potestates
536 1264 588 1315 in
637 1261 728 1314 has
771 1262 969 1312 formas
1016 1276 1120 1311 non
1167 1259 1428 1326 ingredi,
1495 1262 1591 1314 nifi
1663 1278 1896 1331 quarum

211 1360 536 1419 exponentes
579 1346 678 1397 fint
723 1344 937 1394 numeri
981 1343 1175 1410 integri
1222 1356 1277 1396 et
1326 1342 1567 1414 pomini,
1615 1347 1753 1399 vnde
1799 1364 1901 1417 pro

213 1434 398 1503 quauis
442 1430 692 1500 potestate
737 1427 1094 1482 summatoria
1140 1445 1327 1482 omnes
1372 1429 1589 1483 termini
1624 1445 1743 1484 eam
1770 1445 1897 1485 con-

212 1517 481 1570 stituentes
523 1532 592 1569 ex
636 1513 942 1567 litterarum
995 1517 1063 1582 Α,
1090 1512 1157 1579 Β,
1178 1512 1242 1580 C,
1273 1513 1326 1566 D
1367 1525 1464 1567 etc,
1504 1514 1897 1568 combinatione

211 1600 554 1671 assignantur,
596 1615 833 1672 quorum
880 1597 1104 1670 quidem
1150 1614 1405 1654 numerus
1451 1598 1660 1670 semper
1708 1600 1779 1652 est
1827 1599 1898 1652 fi-

214 1687 360 1739 nitus
440 1686 646 1742 etiamsi
693 1686 799 1760 ipsa
844 1685 1113 1756 aequatio
1152 1683 1422 1758 proposita
1483 1684 1538 1738 in
1610 1681 1900 1739 infinitum

212 1784 481 1828 excurrat.

409 1994 556 2054 Cum
601 1995 769 2067 igitur
818 2013 917 2068 pro
961 1999 1143 2067 quauis
1190 1994 1436 2069 potestate
1485 1993 1582 2066 ipsi
1630 1991 1897 2064 termini,

216 2094 471 2152 quatenus
534 2098 601 2135 ex
668 2083 859 2137 litteris
928 2084 997 2149 A,
1041 2084 1109 2151 B,
1154 2080 1223 2151 C,
1268 2082 1322 2136 D
1380 2096 1479 2136 etc.
1550 2082 1896 2145 conflantur,

218 2163 421 2217 nullam
467 2162 756 2216 inuoluant
802 2165 1179 2220 difficultatem
1210 2207 1224 2231 ‚
1275 2179 1454 2219 totum
1502 2168 1781 2232 negotium
1829 2163 1895 2219 ad

222 2246 398 2301 mucias
442 2245 744 2298 numer-icas
790 2247 980 2314 quibus
1027 2246 1220 2315 singuli
1269 2246 1491 2300 termini
1536 2247 1655 2301 sunt
1697 2247 1897 2315 affeeti,

218 2331 501 2384 reducitur.
587 2328 675 2381 Ad
722 2329 956 2400 indolem
1001 2344 1182 2384 autem
1228 2329 1423 2384 harum
1469 2334 1750 2386 vnciarum
1798 2347 1897 2384 ex·

217 2414 576 2486 plorandam,
642 2409 860 2481 seposita
924 2411 1099 2482 prima
1170 2415 1345 2467 littera
1371 2404 1450 2467 ssA
1494 2416 1752 2469 terminos
1821 2417 1900 2470 se·

214 2499 447 2551 cundum
497 2496 720 2565 reliquas
760 2495 961 2565 litteras
1004 2496 1070 2564 Β,
1116 2498 1184 2568 C,
1229 2498 1303 2566 D,
1347 2494 1396 2553 E
1436 2512 1535 2552 ete.
1583 2501 1656 2552 ita
1703 2501 1757 2552 in
1804 2516 1895 2553 or-

220 2585 364 2637 dines
405 2582 606 2653 dispoui
648 2582 958 2651 conueniet,
1007 2595 1068 2635 vt
1114 2584 1167 2636 in
1217 2586 1399 2654 primo
1448 2583 1641 2636 harum
1688 2581 1894 2637 littera-

221 2682 347 2720 rum
389 2666 534 2720 nulla
563 2707 578 2734 ‚
624 2667 678 2720 in
722 2666 948 2722 secundo
989 2668 1174 2722 ordine
1221 2665 1456 2737 fingulae
1504 2680 1718 2722 tantum
1752 2708 1768 2735 ‚
1837 2669 1894 2722 in

219 2753 381 2806 tertio
424 2767 555 2805 vero
597 2754 790 2820 binae,
836 2754 890 2807 in
937 2764 1125 2826 quarto
1172 2765 1343 2811 ternae
1386 2764 1439 2806 et
1484 2753 1555 2809 ita
1598 2769 1766 2828 porro
1810 2769 1906 2808 re*-

219 2842 495 2912 periantur
523 2875 538 2906 ‚
579 2835 682 2893 hoc
732 2841 932 2896 modo:

950 2952 1003 3012 >G
1051 2969 1081 3020 3
1664 2956 1892 3028 sas-:A
