2402 3329
773 198 926 270 ”cb—'33
971 197 990 264 (
1038 213 1074 254 0
1120 204 1141 270 )
1182 199 1335 269 &3⁹30-
1819 225 1890 262 21

206 344 389 418 „de
429 349 716 417 oriantur,
761 346 890 404 haec
935 351 1147 405 criteria
1190 348 1469 404 collecstim
1516 343 1695 404 sumta
1740 367 1899 421 prae-

204 432 435 501 „bebunt
477 435 822 502 carad’terem,
865 451 932 489 ex
977 451 1086 506 quo
1125 435 1530 490 diiudicandum
1592 434 1657 488 s1t
1703 446 1896 490 vtrum

204 519 486 586 „formula
538 519 677 573 de
723 519 779 571 in
824 536 928 591 qua
972 535 1161 573 omnes
1186 536 1255 587 y,
1295 536 1352 580 z,
1388 535 1425 573 v
1468 529 1568 575 etc.
1614 517 1778 572 simul
1828 531 1890 573 vt

202 604 522 672 „variabiles
570 604 864 658 trae‘tantur
910 604 1247 672 integrabilis
1288 603 1355 658 fit
1401 619 1496 658 nec
1545 599 1643 657 ne?
1690 603 1899 658 Deinde

196 702 373 757 quum
422 690 475 741 in
524 687 741 755 Analyfi
786 704 956 758 nuper
982 687 1303 742 considerari
1327 687 1602 756 coeperint
1627 686 1896 742 formulae

194 770 478 840 integrales
524 771 824 841 duplicatae
849 807 866 834 ,
904 771 989 828 CI.
1040 770 1246 825 Austor
1278 784 1460 821 earum
1497 785 1711 841 quoque
1735 773 1892 826 crite-

193 856 274 909 ria
315 855 739 925 integrabilitatis
783 856 1091 909 examinare
1132 871 1161 907 e
1232 869 1291 906 re
1340 852 1439 905 effe
1508 855 1679 908 duxit.
1778 853 1897 908 No·-

194 949 312 994 tum
356 955 539 996 autem
583 941 657 995 est
700 940 958 994 formulas
1010 938 1296 1006 integrales
1351 935 1636 1007 duplicatas
1706 935 1896 991 huius-

193 1026 343 1080 modi
389 1026 619 1094 fignandi
665 1025 870 1081 ratione
893 1025 1020 1094 ssV
1048 1024 1143 1078 dx
1173 1023 1256 1088 dy
1301 1024 1564 1094 exprimi,
1608 1024 1761 1076 cuius
1796 1039 1895 1076 ex-

192 1108 470 1179 preffionis
512 1111 679 1162 sensus
725 1110 793 1160 est
821 1149 838 1175 ,
882 1112 1128 1177 primum
1185 1110 1302 1175 capi
1376 1109 1558 1159 debere
1625 1107 1891 1175 integrale

192 1192 357 1262 ipsius
407 1194 452 1243 V
481 1192 572 1243 dx
618 1190 781 1259 posita
829 1191 933 1242 sola
963 1208 1000 1242 x
1048 1188 1317 1252 variabili,
1354 1189 1540 1240 deinde
1586 1207 1718 1244 vero
1750 1197 1889 1245 inte-

190 1276 334 1345 grale
379 1274 539 1344 ipfius
584 1270 892 1341 dysde‚
937 1269 1102 1342 posita
1146 1269 1323 1336 solay
1372 1270 1632 1325 variabili.
1677 1271 1889 1343 Quam-

189 1373 348 1428 quam
397 1372 529 1411 vero
577 1370 675 1426 pro
739 1354 1054 1410 huiusmodi
1128 1352 1384 1407 formulis
1450 1354 1679 1408 canister
1746 1358 1889 1409 inte-

186 1440 505 1510 grabilitatis
559 1455 663 1493 non
734 1440 971 1510 amplius
1041 1439 1203 1494 Vnica.
1263 1438 1576 1493 conditione
1643 1440 1892 1510 exprimi

185 1540 364 1596 queat,
407 1526 693 1581 commode
741 1537 922 1579 tamen
971 1523 1080 1593 fit,
1120 1538 1183 1578 vt
1225 1539 1416 1578 omnes
1454 1523 1552 1576 hae
1608 1525 1889 1579 conditio-

186 1626 276 1666 nes
321 1615 477 1666 vnica
523 1612 832 1680 aequatione
881 1609 1272 1681 comprehendi
1313 1619 1526 1682 queant,
1569 1627 1627 1663 ea
1669 1621 1885 1663 tantum

184 1697 487 1751 condit1one
535 1695 799 1750 obseruata
848 1696 989 1767 quod
1041 1712 1148 1749 non
1193 1693 1366 1747 solum
1437 1705 1550 1747 tota
1622 1694 1887 1764 expressio

184 1781 456 1836 euanescat
487 1823 501 1847 ‚
571 1782 650 1834 sed
693 1783 858 1834 etiam
907 1797 1100 1835 omnes
1144 1778 1258 1832 eius
1325 1778 1594 1844 termini,
1662 1780 1753 1847 qui
1823 1781 1883 1832 in

182 1865 369 1919 iisdem
397 1866 551 1919 lineis
578 1867 665 1920 vel
693 1864 1120 1918 horizontalibus
1150 1862 1235 1916 vel
1261 1862 1621 1930 diagonalibus
1645 1863 1883 1934 dispositi

184 1951 319 2005 sunt.
360 1951 474 2003 Hoc
499 1963 677 2002 autem
710 1963 992 2019 negotium
1025 1944 1187 2004 etiam
1209 1946 1598 2015 generalissime
1626 1947 1883 2017 perficere

183 2033 331 2097 licet,
355 2033 389 2085 fi
413 2037 605 2089 {cilicet
639 2036 679 2085 V
715 2048 923 2105 praeter
947 2049 984 2087 x
1011 2045 1065 2088 et
1095 2050 1154 2099 y,
1180 2031 1425 2086 inuoluat
1455 2033 1580 2086 alias
1620 2048 1884 2102 quascun-

183 2133 287 2186 que
327 2122 648 2187 quantitates
697 2135 751 2184 z,
795 2136 843 2185 u,
887 2136 925 2172 v
967 2132 1064 2174 ete.
1107 2133 1231 2173 cum
1280 2131 1462 2171 earum
1509 2115 1881 2172 differentiali-

185 2199 279 2252 bus
307 2242 320 2265 ‚
369 2200 550 2267 regula
593 2199 742 2250 enim
791 2214 910 2252 tum
959 2201 1279 2255 obseruanda
1324 2199 1480 2269 plane
1526 2199 1713 2251 similis
1767 2202 1878 2254 erit

185 2282 268 2348 ei,
317 2298 479 2351 quam
509 2283 674 2333 modo
699 2283 1000 2335 attulimus.
1090 2283 1341 2350 Denique
1368 2300 1432 2336 ne
1480 2283 1607 2353 quid
1654 2283 1714 2335 ad
1755 2286 1879 2337 vni-

181 2365 549 2419 verlalitatem
577 2364 737 2417 huius
763 2367 1036 2421 doeirinae
1076 2362 1490 2431 desideraretur,
1535 2365 1613 2421 cl.
1667 2367 1882 2422 Austor-

175 2451 389 2504 criteria
430 2450 856 2508 integrabzlitatis
898 2451 1259 2504 tormularum
1306 2465 1517 2520 quoque
1573 2451 1877 2522 triplicata-

177 2551 301 2588 rum
347 2547 406 2587 vt
436 2531 620 2608 slsV
650 2533 937 2596 dxdydz
977 2534 1242 2604 exposuit,
1290 2535 1379 2586 vbi
1425 2536 1625 2587 iterum
1675 2551 1874 2606 quam-

178 2619 260 2670 vis
306 2634 562 2673 uumerus
604 2619 958 2674 criteriorum
1005 2617 1435 2688 integrabilitatis
1478 2620 1696 2686 insignis
1760 2620 1871 2686 fit,

177 2702 360 2754 omni1
408 2716 549 2756 tam:
557 2721 592 2755 n
639 2705 785 2760 vnica
829 2722 877 2759 a
861 2708 1141 2776 quatioie
1208 2704 1330 2758 satis
1388 2704 1644 2759 concinna
1711 2697 1872 2758 com-

171 2784 435 2856 prehendi
480 2789 705 2858 poffunt.

899 2891 928 2928 c
978 2889 1012 2940 3
1666 2873 1862 2950 Quum
