<?xml version="1.0" encoding="UTF-8"?>
<!DOCTYPE html PUBLIC "-//W3C//DTD XHTML 1.0 Transitional//EN"
    "http://www.w3.org/TR/xhtml1/DTD/xhtml1-transitional.dtd">
<html xmlns="http://www.w3.org/1999/xhtml" xml:lang="en" lang="en">
 <head>
  <title>
</title>
<meta http-equiv="Content-Type" content="text/html;charset=utf-8" />
  <meta name='ocr-system' content='tesseract 3.04.00' />
  <meta name='ocr-capabilities' content='ocr_page ocr_carea ocr_par ocr_line ocrx_word'/>
</head>
<body>
  <div class='ocr_page' id='page_1' title='image "./novicommentariac15impe/novicommentariac15impe_0448.png"; bbox 0 0 2402 3329; ppageno 0'>
   <div class='ocr_carea' id='block_1_1' title="bbox 462 216 1973 301">
    <p class='ocr_par' dir='ltr' id='par_1_1' title="bbox 462 216 1973 301">
     <span class='ocr_line' id='line_1_1' title="bbox 462 216 1973 301; baseline -0.011 -10"><span class='ocrx_word' id='word_1_1' title='bbox 462 240 582 301; x_wconf 77' lang='lat'>382</span> <span class='ocrx_word' id='word_1_2' title='bbox 630 231 740 289; x_wconf 79' lang='lat' dir='ltr'>DE</span> <span class='ocrx_word' id='word_1_3' title='bbox 778 226 1030 288; x_wconf 85' lang='lat' dir='ltr'>STATV</span> <span class='ocrx_word' id='word_1_4' title='bbox 1070 219 1572 301; x_wconf 73' lang='lat' dir='ltr'>AEvassmr</span> <span class='ocrx_word' id='word_1_5' title='bbox 1596 222 1697 279; x_wconf 77' lang='grc' dir='ltr'>Ετ</span> <span class='ocrx_word' id='word_1_6' title='bbox 1735 216 1973 278; x_wconf 75' lang='lat' dir='ltr'>MOTV</span> 
     </span>
    </p>
   </div>
   <div class='ocr_carea' id='block_1_2' title="bbox 455 369 2170 1382">
    <p class='ocr_par' dir='ltr' id='par_1_2' title="bbox 455 369 2170 1382">
     <span class='ocr_line' id='line_1_2' title="bbox 456 369 2149 450; baseline -0.01 -9"><span class='ocrx_word' id='word_1_7' title='bbox 456 401 645 441; x_wconf 87' lang='lat' dir='ltr'>meum</span> <span class='ocrx_word' id='word_1_8' title='bbox 695 383 1002 438; x_wconf 85' lang='lat' dir='ltr'>institutum</span> <span class='ocrx_word' id='word_1_9' title='bbox 1051 377 1328 450; x_wconf 86' lang='lat' dir='ltr'>permittit</span> <span class='ocrx_word' id='word_1_10' title='bbox 1357 417 1373 444; x_wconf 86' lang='lat'>‚</span> <span class='ocrx_word' id='word_1_11' title='bbox 1417 388 1481 429; x_wconf 78' lang='lat' dir='ltr'>vt</span> <span class='ocrx_word' id='word_1_12' title='bbox 1523 372 1684 429; x_wconf 82' lang='lat' dir='ltr'>talem</span> <span class='ocrx_word' id='word_1_13' title='bbox 1729 373 1961 428; x_wconf 83' lang='lat' dir='ltr'>laborem</span> <span class='ocrx_word' id='word_1_14' title='bbox 1993 369 2149 425; x_wconf 80' lang='lat' dir='ltr'>susci-</span> 
     </span>
     <span class='ocr_line' id='line_1_3' title="bbox 455 455 2153 543; baseline -0.01 -18"><span class='ocrx_word' id='word_1_15' title='bbox 455 472 644 543; x_wconf 75' lang='lat' dir='ltr'>piam3</span> <span class='ocrx_word' id='word_1_16' title='bbox 708 471 786 522; x_wconf 81' lang='lat' dir='ltr'>sed</span> <span class='ocrx_word' id='word_1_17' title='bbox 839 466 1017 538; x_wconf 70' lang='lat' dir='ltr'>potius</span> <span class='ocrx_word' id='word_1_18' title='bbox 1063 476 1279 517; x_wconf 85' lang='lat' dir='ltr'>tautum</span> <span class='ocrx_word' id='word_1_19' title='bbox 1328 461 1416 514; x_wconf 79' lang='lat' dir='ltr'>fila</span> <span class='ocrx_word' id='word_1_20' title='bbox 1463 459 1725 530; x_wconf 76' lang='lat' dir='ltr'>simplicia</span> <span class='ocrx_word' id='word_1_21' title='bbox 1771 459 1879 513; x_wconf 75' lang='lat' dir='ltr'>siue</span> <span class='ocrx_word' id='word_1_22' title='bbox 1926 455 2153 528; x_wconf 67' lang='lat' dir='ltr'>perfieete</span> 
     </span>
     <span class='ocr_line' id='line_1_4' title="bbox 458 541 2157 618; baseline -0.009 -9"><span class='ocrx_word' id='word_1_23' title='bbox 458 555 713 609; x_wconf 79' lang='lat' dir='ltr'>flexibilia</span> <span class='ocrx_word' id='word_1_24' title='bbox 761 552 870 606; x_wconf 81' lang='lat' dir='ltr'>siue</span> <span class='ocrx_word' id='word_1_25' title='bbox 914 551 1113 604; x_wconf 81' lang='lat' dir='ltr'>elastica</span> <span class='ocrx_word' id='word_1_26' title='bbox 1144 589 1158 615; x_wconf 90' lang='lat'>‚</span> <span class='ocrx_word' id='word_1_27' title='bbox 1226 549 1307 600; x_wconf 81' lang='lat' dir='ltr'>vti</span> <span class='ocrx_word' id='word_1_28' title='bbox 1355 547 1575 618; x_wconf 85' lang='lat' dir='ltr'>quidem</span> <span class='ocrx_word' id='word_1_29' title='bbox 1620 545 1786 598; x_wconf 77' lang='lat' dir='ltr'>adhuc</span> <span class='ocrx_word' id='word_1_30' title='bbox 1839 560 1868 596; x_wconf 85' lang='lat' dir='ltr'>a</span> <span class='ocrx_word' id='word_1_31' title='bbox 1918 541 2157 597; x_wconf 73' lang='lat' dir='ltr'>Geome-</span> 
     </span>
     <span class='ocr_line' id='line_1_5' title="bbox 458 630 2155 697; baseline -0.008 -5"><span class='ocrx_word' id='word_1_32' title='bbox 458 641 555 693; x_wconf 83' lang='lat' dir='ltr'>tris</span> <span class='ocrx_word' id='word_1_33' title='bbox 622 639 741 694; x_wconf 87' lang='lat' dir='ltr'>sunt</span> <span class='ocrx_word' id='word_1_34' title='bbox 785 637 1030 691; x_wconf 67' lang='lat' dir='ltr'>&#39;traftata</span> <span class='ocrx_word' id='word_1_35' title='bbox 1099 634 1405 687; x_wconf 67' lang='lat' dir='ltr'>accuratius</span> <span class='ocrx_word' id='word_1_36' title='bbox 1475 634 1590 685; x_wconf 87' lang='lat' dir='ltr'>sum</span> <span class='ocrx_word' id='word_1_37' title='bbox 1669 630 2155 697; x_wconf 76' lang='lat' dir='ltr'>contemplaturus,</span> 
     </span>
     <span class='ocr_line' id='line_1_6' title="bbox 460 713 2157 798; baseline -0.009 -19"><span class='ocrx_word' id='word_1_38' title='bbox 460 725 652 798; x_wconf 80' lang='lat' dir='ltr'>Quum</span> <span class='ocrx_word' id='word_1_39' title='bbox 697 723 842 778; x_wconf 86' lang='lat' dir='ltr'>enim</span> <span class='ocrx_word' id='word_1_40' title='bbox 889 721 1168 791; x_wconf 75' lang='lat' dir='ltr'>pleraeque</span> <span class='ocrx_word' id='word_1_41' title='bbox 1215 718 1499 772; x_wconf 80' lang='lat' dir='ltr'>soiutiones</span> <span class='ocrx_word' id='word_1_42' title='bbox 1528 759 1542 785; x_wconf 89' lang='lat'>‚</span> <span class='ocrx_word' id='word_1_43' title='bbox 1601 731 1734 786; x_wconf 85' lang='lat' dir='ltr'>quae</span> <span class='ocrx_word' id='word_1_44' title='bbox 1778 713 1959 783; x_wconf 88' lang='lat' dir='ltr'>paffim</span> <span class='ocrx_word' id='word_1_45' title='bbox 2004 713 2157 782; x_wconf 86' lang='lat' dir='ltr'>super</span> 
     </span>
     <span class='ocr_line' id='line_1_7' title="bbox 463 799 2158 880; baseline -0.009 -16"><span class='ocrx_word' id='word_1_46' title='bbox 463 809 566 866; x_wconf 87' lang='lat' dir='ltr'>hoc</span> <span class='ocrx_word' id='word_1_47' title='bbox 609 821 930 880; x_wconf 85' lang='lat' dir='ltr'>argumento</span> <span class='ocrx_word' id='word_1_48' title='bbox 971 806 1322 875; x_wconf 80' lang='lat' dir='ltr'>reperiuntur</span> <span class='ocrx_word' id='word_1_49' title='bbox 1352 844 1366 871; x_wconf 89' lang='lat'>‚</span> <span class='ocrx_word' id='word_1_50' title='bbox 1434 801 1522 858; x_wconf 82' lang='lat' dir='ltr'>vel</span> <span class='ocrx_word' id='word_1_51' title='bbox 1564 815 1630 853; x_wconf 88' lang='lat' dir='ltr'>ex</span> <span class='ocrx_word' id='word_1_52' title='bbox 1699 799 1975 870; x_wconf 88' lang='lat' dir='ltr'>principiis</span> <span class='ocrx_word' id='word_1_53' title='bbox 2041 809 2158 850; x_wconf 88' lang='lat' dir='ltr'>tan-</span> 
     </span>
     <span class='ocr_line' id='line_1_8' title="bbox 468 881 2161 965; baseline -0.01 -16"><span class='ocrx_word' id='word_1_54' title='bbox 468 908 587 949; x_wconf 87' lang='lat' dir='ltr'>tum</span> <span class='ocrx_word' id='word_1_55' title='bbox 634 890 1040 965; x_wconf 75' lang='lat' dir='ltr'>particularibus</span> <span class='ocrx_word' id='word_1_56' title='bbox 1085 889 1175 941; x_wconf 87' lang='lat' dir='ltr'>vel</span> <span class='ocrx_word' id='word_1_57' title='bbox 1223 888 1408 941; x_wconf 84' lang='lat' dir='ltr'>saltem</span> <span class='ocrx_word' id='word_1_58' title='bbox 1456 904 1561 940; x_wconf 88' lang='lat' dir='ltr'>non</span> <span class='ocrx_word' id='word_1_59' title='bbox 1607 885 1725 939; x_wconf 80' lang='lat' dir='ltr'>satis</span> <span class='ocrx_word' id='word_1_60' title='bbox 1767 881 1924 939; x_wconf 85' lang='lat' dir='ltr'>claris</span> <span class='ocrx_word' id='word_1_61' title='bbox 1968 895 2017 935; x_wconf 88' lang='lat' dir='ltr'>et</span> <span class='ocrx_word' id='word_1_62' title='bbox 2045 897 2161 952; x_wconf 87' lang='lat' dir='ltr'>per·</span> 
     </span>
     <span class='ocr_line' id='line_1_9' title="bbox 466 972 2164 1050; baseline -0.008 -17"><span class='ocrx_word' id='word_1_63' title='bbox 466 981 656 1050; x_wconf 85' lang='lat' dir='ltr'>spicuis</span> <span class='ocrx_word' id='word_1_64' title='bbox 707 978 806 1028; x_wconf 83' lang='lat' dir='ltr'>sint</span> <span class='ocrx_word' id='word_1_65' title='bbox 847 973 1097 1026; x_wconf 64' lang='lat' dir='ltr'>dedustae</span> <span class='ocrx_word' id='word_1_66' title='bbox 1127 1008 1142 1031; x_wconf 96' lang='lat'>‚</span> <span class='ocrx_word' id='word_1_67' title='bbox 1182 987 1401 1035; x_wconf 81' lang='lat' dir='ltr'>operam</span> <span class='ocrx_word' id='word_1_68' title='bbox 1452 972 1584 1022; x_wconf 88' lang='lat' dir='ltr'>dabo</span> <span class='ocrx_word' id='word_1_69' title='bbox 1626 983 1688 1022; x_wconf 73' lang='lat' dir='ltr'>vt</span> <span class='ocrx_word' id='word_1_70' title='bbox 1736 985 1858 1023; x_wconf 83' lang='lat' dir='ltr'>vera</span> <span class='ocrx_word' id='word_1_71' title='bbox 1901 979 1953 1020; x_wconf 88' lang='lat' dir='ltr'>et</span> <span class='ocrx_word' id='word_1_72' title='bbox 1996 981 2164 1035; x_wconf 80' lang='lat' dir='ltr'>gene·</span> 
     </span>
     <span class='ocr_line' id='line_1_10' title="bbox 468 1048 2164 1129; baseline -0.008 -15"><span class='ocrx_word' id='word_1_73' title='bbox 468 1062 600 1115; x_wconf 80' lang='lat' dir='ltr'>ralia</span> <span class='ocrx_word' id='word_1_74' title='bbox 653 1057 957 1129; x_wconf 83' lang='lat' dir='ltr'>principia,</span> <span class='ocrx_word' id='word_1_75' title='bbox 1022 1052 1208 1121; x_wconf 85' lang='lat' dir='ltr'>quibus</span> <span class='ocrx_word' id='word_1_76' title='bbox 1253 1051 1634 1103; x_wconf 76' lang='lat' dir='ltr'>determinatio</span> <span class='ocrx_word' id='word_1_77' title='bbox 1700 1051 1909 1117; x_wconf 85' lang='lat' dir='ltr'>figurae</span> <span class='ocrx_word' id='word_1_78' title='bbox 1972 1048 2164 1102; x_wconf 60' lang='lat' dir='ltr'>huiuSae</span> 
     </span>
     <span class='ocr_line' id='line_1_11' title="bbox 473 1132 2164 1214; baseline -0.009 -13"><span class='ocrx_word' id='word_1_79' title='bbox 473 1137 629 1201; x_wconf 61' lang='lat' dir='ltr'>modi&#39;</span> <span class='ocrx_word' id='word_1_80' title='bbox 669 1154 959 1214; x_wconf 77' lang='lat' dir='ltr'>corporum</span> <span class='ocrx_word' id='word_1_81' title='bbox 1010 1136 1262 1189; x_wconf 86' lang='lat' dir='ltr'>innititur</span> <span class='ocrx_word' id='word_1_82' title='bbox 1313 1139 1383 1189; x_wconf 74' lang='lat' dir='ltr'>ita</span> <span class='ocrx_word' id='word_1_83' title='bbox 1429 1132 1668 1189; x_wconf 81' lang='lat' dir='ltr'>dilucide</span> <span class='ocrx_word' id='word_1_84' title='bbox 1713 1148 1985 1205; x_wconf 84' lang='lat' dir='ltr'>exponam</span> <span class='ocrx_word' id='word_1_85' title='bbox 2015 1174 2031 1199; x_wconf 88' lang='lat'>‚</span> <span class='ocrx_word' id='word_1_86' title='bbox 2103 1146 2164 1187; x_wconf 79' lang='lat' dir='ltr'>vt</span> 
     </span>
     <span class='ocr_line' id='line_1_12' title="bbox 471 1215 2170 1291; baseline -0.009 -6"><span class='ocrx_word' id='word_1_87' title='bbox 471 1247 581 1285; x_wconf 89' lang='lat' dir='ltr'>non</span> <span class='ocrx_word' id='word_1_88' title='bbox 626 1228 799 1282; x_wconf 80' lang='lat' dir='ltr'>{oium</span> <span class='ocrx_word' id='word_1_89' title='bbox 851 1226 1007 1279; x_wconf 83' lang='lat' dir='ltr'>status</span> <span class='ocrx_word' id='word_1_90' title='bbox 1051 1219 1396 1291; x_wconf 77' lang='lat' dir='ltr'>aequilbrit,</span> <span class='ocrx_word' id='word_1_91' title='bbox 1467 1220 1546 1273; x_wconf 87' lang='lat' dir='ltr'>sed</span> <span class='ocrx_word' id='word_1_92' title='bbox 1593 1218 1760 1274; x_wconf 85' lang='lat' dir='ltr'>etiam</span> <span class='ocrx_word' id='word_1_93' title='bbox 1815 1230 1998 1272; x_wconf 90' lang='lat' dir='ltr'>motus</span> <span class='ocrx_word' id='word_1_94' title='bbox 2063 1215 2170 1270; x_wconf 87' lang='lat' dir='ltr'>hu-</span> 
     </span>
     <span class='ocr_line' id='line_1_13' title="bbox 475 1305 1787 1382; baseline -0.009 -12"><span class='ocrx_word' id='word_1_95' title='bbox 475 1313 707 1372; x_wconf 84' lang='lat' dir='ltr'>iusmodi</span> <span class='ocrx_word' id='word_1_96' title='bbox 752 1323 1052 1382; x_wconf 85' lang='lat' dir='ltr'>corporum</span> <span class='ocrx_word' id='word_1_97' title='bbox 1099 1307 1217 1361; x_wconf 87' lang='lat' dir='ltr'>inde</span> <span class='ocrx_word' id='word_1_98' title='bbox 1264 1305 1570 1374; x_wconf 80' lang='lat' dir='ltr'>inuestigari</span> <span class='ocrx_word' id='word_1_99' title='bbox 1615 1315 1787 1377; x_wconf 85' lang='lat' dir='ltr'>queat.</span> 
     </span>
    </p>
   </div>
   <div class='ocr_carea' id='block_1_3' title="bbox 889 1448 1751 1554">
    <p class='ocr_par' dir='ltr' id='par_1_3' title="bbox 889 1448 1751 1554">
     <span class='ocr_line' id='line_1_14' title="bbox 889 1448 1751 1554; baseline -0.01 -22"><span class='ocrx_word' id='word_1_100' title='bbox 889 1449 1273 1534; x_wconf 82' lang='lat' dir='ltr'>Problema</span> <span class='ocrx_word' id='word_1_101' title='bbox 1376 1448 1751 1554; x_wconf 80' lang='lat' dir='ltr'>generale.</span> 
     </span>
    </p>
   </div>
   <div class='ocr_carea' id='block_1_4' title="bbox 483 1594 2180 2011">
    <p class='ocr_par' dir='ltr' id='par_1_4' title="bbox 483 1594 2180 2011">
     <span class='ocr_line' id='line_1_15' title="bbox 679 1594 2174 1667; baseline -0.006 -10"><span class='ocrx_word' id='word_1_102' title='bbox 679 1599 733 1657; x_wconf 91' lang='lat' dir='ltr'>Si</span> <span class='ocrx_word' id='word_1_103' title='bbox 782 1597 941 1654; x_wconf 89' lang='lat' dir='ltr'>filum</span> <span class='ocrx_word' id='word_1_104' title='bbox 990 1596 1099 1651; x_wconf 79' lang='lat' dir='ltr'>siue</span> <span class='ocrx_word' id='word_1_105' title='bbox 1141 1594 1366 1667; x_wconf 66' lang='lat' dir='ltr'>perfeste</span> <span class='ocrx_word' id='word_1_106' title='bbox 1411 1595 1584 1651; x_wconf 86' lang='lat' dir='ltr'>flexile</span> <span class='ocrx_word' id='word_1_107' title='bbox 1631 1595 1740 1649; x_wconf 87' lang='lat' dir='ltr'>fiue</span> <span class='ocrx_word' id='word_1_108' title='bbox 1786 1594 2056 1650; x_wconf 85' lang='lat' dir='ltr'>elasticum</span> <span class='ocrx_word' id='word_1_109' title='bbox 2117 1604 2174 1649; x_wconf 89' lang='lat' dir='ltr'>et</span> 
     </span>
     <span class='ocr_line' id='line_1_16' title="bbox 486 1679 2180 1756; baseline -0.006 -12"><span class='ocrx_word' id='word_1_110' title='bbox 486 1691 542 1746; x_wconf 85' lang='lat' dir='ltr'>in</span> <span class='ocrx_word' id='word_1_111' title='bbox 589 1685 809 1756; x_wconf 81' lang='lat' dir='ltr'>fingulis</span> <span class='ocrx_word' id='word_1_112' title='bbox 860 1682 1070 1756; x_wconf 71' lang='lat' dir='ltr'>punc‘tis</span> <span class='ocrx_word' id='word_1_113' title='bbox 1116 1698 1144 1735; x_wconf 89' lang='lat' dir='ltr'>a</span> <span class='ocrx_word' id='word_1_114' title='bbox 1192 1681 1391 1735; x_wconf 87' lang='lat' dir='ltr'>viribus</span> <span class='ocrx_word' id='word_1_115' title='bbox 1455 1681 1845 1752; x_wconf 84' lang='lat' dir='ltr'>quibuscunque</span> <span class='ocrx_word' id='word_1_116' title='bbox 1922 1679 2180 1735; x_wconf 69' lang='lat' dir='ltr'>sollicita-</span> 
     </span>
     <span class='ocr_line' id='line_1_17' title="bbox 483 1765 2178 1838; baseline -0.006 -9"><span class='ocrx_word' id='word_1_117' title='bbox 483 1787 601 1829; x_wconf 85' lang='lat' dir='ltr'>tum</span> <span class='ocrx_word' id='word_1_118' title='bbox 649 1773 711 1826; x_wconf 84' lang='lat' dir='ltr'>ad</span> <span class='ocrx_word' id='word_1_119' title='bbox 783 1771 980 1823; x_wconf 86' lang='lat' dir='ltr'>statum</span> <span class='ocrx_word' id='word_1_120' title='bbox 1050 1767 1351 1838; x_wconf 84' lang='lat' dir='ltr'>aequilibrii</span> <span class='ocrx_word' id='word_1_121' title='bbox 1415 1765 1577 1820; x_wconf 85' lang='lat' dir='ltr'>fuerit</span> <span class='ocrx_word' id='word_1_122' title='bbox 1649 1766 2008 1836; x_wconf 64' lang='lat' dir='ltr'>perduerum3</span> <span class='ocrx_word' id='word_1_123' title='bbox 2078 1781 2178 1836; x_wconf 88' lang='lat' dir='ltr'>pro</span> 
     </span>
     <span class='ocr_line' id='line_1_18' title="bbox 484 1849 2179 1925; baseline -0.004 -15"><span class='ocrx_word' id='word_1_124' title='bbox 484 1855 707 1925; x_wconf 75' lang='lat' dir='ltr'>singulis</span> <span class='ocrx_word' id='word_1_125' title='bbox 771 1855 883 1907; x_wconf 88' lang='lat' dir='ltr'>eius</span> <span class='ocrx_word' id='word_1_126' title='bbox 948 1852 1232 1907; x_wconf 86' lang='lat' dir='ltr'>elementis</span> <span class='ocrx_word' id='word_1_127' title='bbox 1304 1853 1498 1908; x_wconf 85' lang='lat' dir='ltr'>statum</span> <span class='ocrx_word' id='word_1_128' title='bbox 1553 1849 1662 1906; x_wconf 74' lang='lat' dir='ltr'>siue</span> <span class='ocrx_word' id='word_1_129' title='bbox 1709 1850 2002 1917; x_wconf 76' lang='lat' dir='ltr'>tensioniS,</span> <span class='ocrx_word' id='word_1_130' title='bbox 2071 1849 2179 1904; x_wconf 80' lang='lat' dir='ltr'>siue</span> 
     </span>
     <span class='ocr_line' id='line_1_19' title="bbox 485 1939 1169 2011; baseline -0.016 -13"><span class='ocrx_word' id='word_1_131' title='bbox 485 1939 790 1998; x_wconf 86' lang='lat' dir='ltr'>inflexionis</span> <span class='ocrx_word' id='word_1_132' title='bbox 835 1939 1169 2011; x_wconf 82' lang='lat' dir='ltr'>inuestigare.</span> 
     </span>
    </p>
   </div>
   <div class='ocr_carea' id='block_1_5' title="bbox 1089 2079 1572 2156">
    <p class='ocr_par' dir='ltr' id='par_1_5' title="bbox 1089 2079 1572 2156">
     <span class='ocr_line' id='line_1_20' title="bbox 1089 2079 1572 2156; baseline -0.01 0"><span class='ocrx_word' id='word_1_133' title='bbox 1089 2079 1572 2156; x_wconf 80' lang='lat' dir='ltr'>Solutio.</span> 
     </span>
    </p>
   </div>
   <div class='ocr_carea' id='block_1_6' title="bbox 224 2219 2195 2807">
    <p class='ocr_par' dir='ltr' id='par_1_6' title="bbox 224 2219 2195 2807">
     <span class='ocr_line' id='line_1_21' title="bbox 224 2219 2188 2305; baseline -0.011 -7"><span class='ocrx_word' id='word_1_134' title='bbox 224 2247 340 2305; x_wconf 67' lang='lat' dir='ltr'>¹Tab.</span> <span class='ocrx_word' id='word_1_135' title='bbox 382 2246 482 2294; x_wconf 77' lang='lat' dir='ltr'>vil.</span> <span class='ocrx_word' id='word_1_136' title='bbox 691 2226 735 2283; x_wconf 93' lang='grc' dir='ltr'>Ῐ.</span> <span class='ocrx_word' id='word_1_137' title='bbox 779 2228 993 2284; x_wconf 78' lang='lat' dir='ltr'>Referat</span> <span class='ocrx_word' id='word_1_138' title='bbox 1038 2225 1130 2281; x_wconf 85' lang='lat' dir='ltr'>hic</span> <span class='ocrx_word' id='word_1_139' title='bbox 1173 2237 1344 2280; x_wconf 83' lang='lat' dir='ltr'>curua</span> <span class='ocrx_word' id='word_1_140' title='bbox 1394 2225 1444 2279; x_wconf 88' lang='lat' dir='ltr'><strong>A</strong></span> <span class='ocrx_word' id='word_1_141' title='bbox 1475 2223 1533 2279; x_wconf 88' lang='lat' dir='ltr'>M</span> <span class='ocrx_word' id='word_1_142' title='bbox 1561 2222 1607 2278; x_wconf 85' lang='lat' dir='ltr'>B</span> <span class='ocrx_word' id='word_1_143' title='bbox 1652 2219 1964 2279; x_wconf 82' lang='lat' dir='ltr'>huiusmodi</span> <span class='ocrx_word' id='word_1_144' title='bbox 2023 2221 2188 2278; x_wconf 85' lang='lat' dir='ltr'>filum</span> 
     </span>
     <span class='ocr_line' id='line_1_22' title="bbox 261 2300 2188 2386; baseline -0.005 -15"><span class='ocrx_word' id='word_1_145' title='bbox 261 2318 351 2380; x_wconf 81' lang='lat' dir='ltr'>Fig·</span> <span class='ocrx_word' id='word_1_146' title='bbox 391 2328 429 2370; x_wconf 82' lang='lat'>3·</span> <span class='ocrx_word' id='word_1_147' title='bbox 496 2333 524 2372; x_wconf 86' lang='lat' dir='ltr'>a</span> <span class='ocrx_word' id='word_1_148' title='bbox 569 2315 770 2370; x_wconf 82' lang='lat' dir='ltr'>viribus</span> <span class='ocrx_word' id='word_1_149' title='bbox 812 2313 1213 2386; x_wconf 87' lang='lat' dir='ltr'>quibuscunque</span> <span class='ocrx_word' id='word_1_150' title='bbox 1259 2300 1607 2367; x_wconf 82' lang='lat' dir='ltr'>sollicitatum</span> <span class='ocrx_word' id='word_1_151' title='bbox 1637 2349 1652 2376; x_wconf 90' lang='lat'>,</span> <span class='ocrx_word' id='word_1_152' title='bbox 1721 2312 1862 2379; x_wconf 86' lang='lat' dir='ltr'>quod</span> <span class='ocrx_word' id='word_1_153' title='bbox 1911 2313 1963 2363; x_wconf 92' lang='lat' dir='ltr'>in</span> <span class='ocrx_word' id='word_1_154' title='bbox 2008 2310 2188 2379; x_wconf 84' lang='lat' dir='ltr'>aequi-</span> 
     </span>
     <span class='ocr_line' id='line_1_23' title="bbox 492 2393 2186 2471; baseline -0.005 -15"><span class='ocrx_word' id='word_1_155' title='bbox 492 2401 653 2456; x_wconf 85' lang='lat' dir='ltr'>librio</span> <span class='ocrx_word' id='word_1_156' title='bbox 720 2401 1017 2471; x_wconf 84' lang='lat' dir='ltr'>reperiatur</span> <span class='ocrx_word' id='word_1_157' title='bbox 1082 2413 1238 2469; x_wconf 86' lang='lat' dir='ltr'>atque</span> <span class='ocrx_word' id='word_1_158' title='bbox 1303 2398 1479 2452; x_wconf 85' lang='lat' dir='ltr'>fixum</span> <span class='ocrx_word' id='word_1_159' title='bbox 1529 2393 1593 2447; x_wconf 84' lang='lat' dir='ltr'>fit</span> <span class='ocrx_word' id='word_1_160' title='bbox 1640 2395 1692 2446; x_wconf 86' lang='lat' dir='ltr'>in</span> <span class='ocrx_word' id='word_1_161' title='bbox 1742 2396 1990 2450; x_wconf 78' lang='lat' dir='ltr'>terminis</span> <span class='ocrx_word' id='word_1_162' title='bbox 2035 2396 2087 2448; x_wconf 91' lang='lat' dir='ltr'><strong>A</strong></span> <span class='ocrx_word' id='word_1_163' title='bbox 2128 2404 2186 2448; x_wconf 87' lang='lat' dir='ltr'>et</span> 
     </span>
     <span class='ocr_line' id='line_1_24' title="bbox 497 2478 2194 2559; baseline -0.006 -15"><span class='ocrx_word' id='word_1_164' title='bbox 497 2488 566 2554; x_wconf 84' lang='lat' dir='ltr'>B,</span> <span class='ocrx_word' id='word_1_165' title='bbox 610 2500 768 2559; x_wconf 82' lang='lat' dir='ltr'>atque</span> <span class='ocrx_word' id='word_1_166' title='bbox 817 2483 1150 2541; x_wconf 81' lang='lat' dir='ltr'>manifestum</span> <span class='ocrx_word' id='word_1_167' title='bbox 1197 2484 1265 2538; x_wconf 85' lang='lat' dir='ltr'>est</span> <span class='ocrx_word' id='word_1_168' title='bbox 1311 2485 1366 2537; x_wconf 92' lang='lat' dir='ltr'>in</span> <span class='ocrx_word' id='word_1_169' title='bbox 1408 2478 1631 2547; x_wconf 82' lang='lat' dir='ltr'>fingulis</span> <span class='ocrx_word' id='word_1_170' title='bbox 1676 2478 1837 2534; x_wconf 88' lang='lat' dir='ltr'>huius</span> <span class='ocrx_word' id='word_1_171' title='bbox 1891 2481 1974 2534; x_wconf 86' lang='lat' dir='ltr'>fili</span> <span class='ocrx_word' id='word_1_172' title='bbox 2048 2495 2194 2552; x_wconf 91' lang='lat' dir='ltr'>pun·</span> 
     </span>
     <span class='ocr_line' id='line_1_25' title="bbox 501 2566 2189 2633; baseline -0.004 -7"><span class='ocrx_word' id='word_1_173' title='bbox 501 2575 599 2633; x_wconf 72' lang='lat' dir='ltr'>stis</span> <span class='ocrx_word' id='word_1_174' title='bbox 646 2575 707 2629; x_wconf 88' lang='lat' dir='ltr'>M</span> <span class='ocrx_word' id='word_1_175' title='bbox 757 2573 869 2625; x_wconf 82' lang='lat' dir='ltr'>dari</span> <span class='ocrx_word' id='word_1_176' title='bbox 916 2584 1130 2625; x_wconf 89' lang='lat' dir='ltr'>certum</span> <span class='ocrx_word' id='word_1_177' title='bbox 1173 2567 1422 2624; x_wconf 86' lang='lat' dir='ltr'>tenfionis</span> <span class='ocrx_word' id='word_1_178' title='bbox 1466 2566 1577 2620; x_wconf 81' lang='lat' dir='ltr'>siue</span> <span class='ocrx_word' id='word_1_179' title='bbox 1623 2566 1930 2620; x_wconf 79' lang='lat' dir='ltr'>inflexionis</span> <span class='ocrx_word' id='word_1_180' title='bbox 1976 2566 2189 2632; x_wconf 84' lang='lat' dir='ltr'>statum,</span> 
     </span>
     <span class='ocr_line' id='line_1_26' title="bbox 502 2651 2195 2733; baseline -0.007 -19"><span class='ocrx_word' id='word_1_181' title='bbox 502 2676 662 2733; x_wconf 88' lang='lat' dir='ltr'>quem</span> <span class='ocrx_word' id='word_1_182' title='bbox 710 2659 831 2712; x_wconf 88' lang='lat' dir='ltr'>inde</span> <span class='ocrx_word' id='word_1_183' title='bbox 880 2656 1182 2725; x_wconf 84' lang='lat' dir='ltr'>intelligere</span> <span class='ocrx_word' id='word_1_184' title='bbox 1225 2653 1394 2720; x_wconf 87' lang='lat' dir='ltr'>licet,</span> <span class='ocrx_word' id='word_1_185' title='bbox 1454 2653 1599 2721; x_wconf 90' lang='lat' dir='ltr'>quod</span> <span class='ocrx_word' id='word_1_186' title='bbox 1653 2653 1688 2706; x_wconf 78' lang='lat' dir='ltr'>si</span> <span class='ocrx_word' id='word_1_187' title='bbox 1734 2651 1834 2704; x_wconf 89' lang='lat' dir='ltr'>hoc</span> <span class='ocrx_word' id='word_1_188' title='bbox 1878 2651 2041 2705; x_wconf 87' lang='lat' dir='ltr'>fiium</span> <span class='ocrx_word' id='word_1_189' title='bbox 2090 2651 2195 2704; x_wconf 87' lang='lat' dir='ltr'>ali-</span> 
     </span>
     <span class='ocr_line' id='line_1_27' title="bbox 506 2733 2192 2807; baseline -0.006 -8"><span class='ocrx_word' id='word_1_190' title='bbox 506 2747 629 2801; x_wconf 83' lang='lat' dir='ltr'>cubi</span> <span class='ocrx_word' id='word_1_191' title='bbox 674 2746 728 2797; x_wconf 89' lang='lat' dir='ltr'>in</span> <span class='ocrx_word' id='word_1_192' title='bbox 773 2742 844 2798; x_wconf 94' lang='lat' dir='ltr'>M</span> <span class='ocrx_word' id='word_1_193' title='bbox 890 2743 1192 2807; x_wconf 86' lang='lat' dir='ltr'>resecetur,</span> <span class='ocrx_word' id='word_1_194' title='bbox 1260 2749 1483 2807; x_wconf 71' lang='lat' dir='ltr'>viraque</span> <span class='ocrx_word' id='word_1_195' title='bbox 1526 2739 1703 2807; x_wconf 88' lang='lat' dir='ltr'>portio</span> <span class='ocrx_word' id='word_1_196' title='bbox 1747 2736 1805 2791; x_wconf 81' lang='lat' dir='ltr'>A·</span> <span class='ocrx_word' id='word_1_197' title='bbox 1843 2739 1901 2792; x_wconf 81' lang='lat' dir='ltr'>M</span> <span class='ocrx_word' id='word_1_198' title='bbox 1946 2751 2002 2791; x_wconf 91' lang='lat' dir='ltr'>et</span> <span class='ocrx_word' id='word_1_199' title='bbox 2045 2736 2091 2792; x_wconf 89' lang='lat' dir='ltr'>B</span> <span class='ocrx_word' id='word_1_200' title='bbox 2118 2733 2192 2789; x_wconf 89' lang='lat' dir='ltr'>M</span> 
     </span>
    </p>
   </div>
   <div class='ocr_carea' id='block_1_7' title="bbox 507 2821 2192 2965">
    <p class='ocr_par' dir='ltr' id='par_1_7' title="bbox 507 2821 2192 2965">
     <span class='ocr_line' id='line_1_28' title="bbox 507 2821 2192 2902; baseline -0.005 -17"><span class='ocrx_word' id='word_1_201' title='bbox 507 2828 786 2902; x_wconf 81' lang='lat' dir='ltr'>extemplo</span> <span class='ocrx_word' id='word_1_202' title='bbox 831 2829 992 2898; x_wconf 85' lang='lat' dir='ltr'>longe</span> <span class='ocrx_word' id='word_1_203' title='bbox 1035 2824 1196 2882; x_wconf 82' lang='lat' dir='ltr'>aliam</span> <span class='ocrx_word' id='word_1_204' title='bbox 1242 2821 1480 2894; x_wconf 83' lang='lat' dir='ltr'>figuram</span> <span class='ocrx_word' id='word_1_205' title='bbox 1531 2821 1597 2879; x_wconf 77' lang='lat' dir='ltr'>srt</span> <span class='ocrx_word' id='word_1_206' title='bbox 1661 2839 1938 2900; x_wconf 84' lang='lat' dir='ltr'>acceptura</span> <span class='ocrx_word' id='word_1_207' title='bbox 1967 2864 1984 2890; x_wconf 92' lang='lat'>‚</span> <span class='ocrx_word' id='word_1_208' title='bbox 2052 2821 2192 2876; x_wconf 82' lang='lat' dir='ltr'>vnde</span> 
     </span>
     <span class='ocr_line' id='line_1_29' title="bbox 1961 2904 2188 2965; baseline -0.031 0"><span class='ocrx_word' id='word_1_209' title='bbox 1961 2904 2188 2965; x_wconf 82' lang='lat' dir='ltr'>neceffa·</span> 
     </span>
    </p>
   </div>
  </div>
 </body>
</html>
