2402 3329
714 231 867 300 ωὲἑὲ
912 227 930 303 )
976 248 1011 285 0
1060 227 1079 305 (
1122 231 1274 300 ἓῖέέω
1726 246 1841 303 485

241 373 1236 459 DESCRIPTIONES
1320 373 1755 457 AVIVM.

819 575 1180 631 Auctore

571 724 619 783 I.
707 723 1416 785 LEPECHIN.

677 868 716 918 d.
757 885 832 917 12.
869 868 1122 917 Nouembr.
1168 838 1309 932 177o.

164 964 522 1114 Finberiza
567 976 790 1046 superne
837 981 988 1040 rufa,
1031 976 1207 1028 subtus
1248 975 1382 1027 flaua
1410 1016 1425 1043 ,
1470 976 1617 1029 fascia
1663 975 1846 1045 pec'to-

256 1062 286 1111 A
334 1062 429 1115 rali
480 1063 767 1112 transuersa
836 1060 1159 1126 ferruginea.
1345 1090 1348 1091 ν

691 1203 753 1267 D
784 1202 811 1266 Ι
838 1200 907 1265 Μ
931 1199 982 1264 Ε
1008 1198 1078 1264 Ν
1101 1196 1143 1264 S
1167 1199 1196 1262 I
1220 1197 1303 1263 O.

352 1285 406 1351 F
405 1282 720 1368 singillam
764 1282 1181 1349 domesticam
1235 1281 1648 1368 adaequatur.

164 1404 470 1472 Longitudo
518 1402 678 1467 ipsius
720 1401 780 1454 ab
824 1399 974 1468 apice
1017 1397 1170 1451 rostri
1215 1398 1274 1451 ad
1323 1399 1510 1452 caudae

249 1501 555 1540 extremum
687 1512 713 1523 -
841 1510 869 1518 -·
994 1512 1019 1519 -
1149 1512 1171 1522 -
1307 1511 1332 1523 -
1460 1506 1486 1517 -
1575 1475 1844 1549 5ss-10¹¹(
1903 1557 1907 1560 η

162 1570 414 1625 Rostrum
461 1569 691 1637 longum
737 1567 810 1621 est
928 1593 953 1603 -
1088 1593 1112 1601 -
1238 1587 1266 1603 ·
1393 1590 1419 1601 -
1570 1595 1598 1609 -
1740 1570 1804 1632 4}

158 1652 479 1722 Digitorum
530 1654 733 1706 medius
775 1665 901 1706 cum
951 1666 1131 1719 vngue
1252 1678 1280 1689 -
1366 1676 1393 1690 -
1504 1678 1529 1687 -
1612 1679 1636 1688 -
1734 1670 1772 1718 9

159 1738 393 1793 laterales
441 1737 615 1792 multo
662 1741 779 1790 sunt
823 1736 1105 1790 breuiores,

158 1821 540 1877 Extremitates
583 1823 793 1875 alarum
834 1823 1025 1877 distant
1155 1847 1190 1859 -
1320 1844 1357 1857 -
1463 1847 1488 1854 -
1595 1823 1624 1872 8
1665 1845 1707 1858 -
1735 1829 1770 1883 7

157 1906 297 1959 Alae
322 1906 670 1979 complicatae
716 1908 813 1960 vix
857 1907 1070 1960 tertiam
1117 1901 1308 1958 caudae
1355 1913 1564 1973 partem

248 1999 454 2055 tegunt.
538 1990 851 2057 Longitudo
894 1990 1085 2040 caudae
1214 2015 1238 2023 -
1355 2012 1381 2020 -
1487 2013 1515 2026 -
1605 2005 1716 2039 2-
1747 1999 1794 2049 3.

362 2236 551 2290 Pulcra
593 2234 713 2289 haec
762 2236 1178 2290 Emberizarum
1226 2237 1420 2303 species
1464 2235 1631 2291 rostro
1672 2237 1837 2291 dona-

169 2335 255 2375 tur
321 2321 514 2392 pallido
579 2335 702 2375 cum
769 2323 1127 2391 transparente
1193 2318 1366 2390 aliqua
1435 2320 1713 2389 nigredine
1779 2323 1836 2377 in

168 2408 318 2460 dorso
391 2404 713 2459 mandibulae
777 2406 1071 2475 superioris,
1162 2406 1330 2459 Frons
1395 2405 1594 2473 tegitur
1650 2408 1835 2476 pennis

170 2490 580 2556 nigricantibuS‚
647 2505 874 2561 quarum
945 2490 1164 2558 nigredo
1220 2490 1494 2543 adumbrat
1540 2494 1702 2545 etiam
1748 2507 1836 2545 ca-

167 2573 444 2644 pillitium.
528 2576 753 2645 Occiput
794 2587 849 2629 et
891 2574 1060 2630 nucha
1104 2590 1230 2627 cum
1279 2576 1459 2643 pennis
1515 2575 1836 2644 interscapu-

170 2660 364 2712 laribus
405 2658 522 2711 rufo
565 2659 889 2730 resplendent
932 2659 1108 2714 colore
1137 2699 1152 2726 ‚
1220 2660 1306 2713 vbi
1355 2656 1590 2727 singulae
1634 2675 1835 2729 pennae

167 2759 299 2808 apex
348 2743 640 2810 tmuissima
684 2745 918 2814 cingitur
964 2745 1174 2798 canitie.
1275 2742 1512 2798 Dorsum
1557 2758 1687 2797 cum
1743 2744 1836 2797 ad-

142 2828 362 2882 -iacente
407 2831 672 2902 vropygio
714 2829 914 2885 nuchae
956 2829 1206 2886 concolor
1235 2868 1250 2899 ,
1314 2827 1418 2883 hoc
1461 2844 1586 2882 cum
1654 2829 1835 2882 discri-

868 2914 1027 2989 Ppp
1079 2931 1109 2980 3
1187 2966 1191 2970 .
1664 2915 1836 2983 mine,
