2402 3329
539 238 667 290 490
905 210 1513 275 DESCRIPTION'ES
1555 218 1842 276 AVIVM.

538 359 794 436 STRIX
839 358 1050 445 capite
1093 359 1351 443 ausim,
1423 381 1462 428 e
1503 377 1706 448 gente
1749 357 1858 426 sua
1910 358 2225 426 minima
2196 404 2224 444 ,

535 530 537 533 ι
623 465 904 532 corpore
948 460 1100 513 toto
1144 444 1419 532 gryfeO,
1464 445 1690 530 fusco,
1732 443 2133 532 ferrugineo,
2207 493 2213 519 2

1105 533 1390 618 alboque
1455 533 1658 600 vario,

667 665 836 737 Strigi
881 665 1165 723 Pafferinae
1212 667 1581 737 magnitudine
1629 664 1871 721 multum
1918 666 2076 720 cedit.

537 778 850 846 Longitudo
892 775 1054 846 ipsius
1097 775 1158 830 ab
1203 777 1352 847 apice
1395 775 1550 830 rostri
1596 775 1656 828 ad
1681 774 1874 829 caudae

621 876 934 916 extiemum
1067 888 1095 898 -
1226 887 1253 899 -
1388 890 1412 898 -
1545 887 1571 897 -
1694 885 1730 900 ..
1981 852 2225 926 φυηρ)

533 946 850 1010 Longitudo
895 941 1052 992 rostri
1184 967 1208 975 -
1339 967 1362 975 -
1493 966 1521 979 ..
1634 968 1669 980 -
1798 969 1823 978 ..
1956 968 1977 982 ,
2121 945 2185 1006 δὲ

531 1027 668 1082 Alae
713 1022 1012 1095 explicatae
1055 1019 1486 1073 extremitatibus
1530 1020 1722 1073 distant
1808 1049 1832 1057 —
1925 1041 2036 1087 1⁴4
2084 1040 2158 1089 -3

531 1107 901 1181 Complicatae
967 1118 1279 1160 extremum
1347 1105 1542 1159 caudae
1599 1106 1872 1176 attingunt

531 1193 710 1250 Cauda
760 1194 918 1263 longa
962 1192 1034 1246 est
1178 1216 1206 1225 -
1361 1215 1386 1227 -
1516 1219 1540 1227 -
1673 1217 1700 1229 -
1835 1218 1861 1226 -
1996 1207 2028 1244 2
2079 1193 2156 1241 -6

529 1280 755 1349 Digitus
802 1278 1008 1334 medius
1052 1291 1180 1330 cum
1227 1289 1406 1344 vngue
1536 1302 1566 1315 -
1697 1303 1724 1314 -
1842 1302 1870 1315 -
2000 1288 2022 1325 1
2074 1291 2151 1327 „2

530 1365 800 1422 Laterales
848 1365 968 1420 sunt
1013 1361 1301 1417 breuiores.

664 1573 668 1577 ’
731 1577 979 1633 Medium
1027 1573 1276 1646 capillitii
1328 1576 1530 1644 tegitur
1591 1575 1774 1644 pennis
1845 1574 2227 1629 rufescentibns

532 1662 855 1718 tenuiffimis
918 1661 1069 1714 lineis
1129 1658 1524 1713 fuscescentibus
1587 1658 1933 1711 transuerfim
1997 1658 2225 1726 striatis;

530 1746 697 1799 latera
739 1742 978 1800 eiusdem
1023 1743 1272 1797 albidiora
1319 1743 1441 1797 sunt
1473 1782 1488 1809 ,
1554 1742 1765 1794 cinereo
1807 1740 1983 1794 colore
2047 1742 2228 1795 vndu-

528 1828 634 1883 lata
670 1871 684 1898 ,
751 1843 883 1901 quae
951 1829 1248 1898 permixtio
1290 1827 1536 1882 colorum
1583 1825 1930 1879 continuatur
1969 1826 2021 1878 in
2071 1841 2226 1879 aures

527 1930 595 1966 ex
649 1932 721 1969 10
769 1913 1017 1983 pennulis
1061 1912 1399 1983 compositas,
1484 1909 1728 1979 Spatium
1780 1910 2036 1979 posterius
2083 1911 2224 1963 inter

526 2013 679 2051 aures
722 2009 774 2049 et
819 1996 1090 2066 occiput,
1135 1995 1272 2067 quasi
1320 1996 1481 2047 fasciis
1529 1994 1925 2047 candidioribus
1969 2004 2222 2063 notatur-3

523 2082 892 2136 extremitates
937 2081 1084 2131 enim
1135 2092 1430 2151 pennarum
1496 2070 1580 2124 his
1651 2073 1705 2123 in
1775 2075 1908 2131 locis
1973 2077 2221 2137 albicant.

526 2163 990 2236 Interscapuleum
1033 2163 1226 2218 itidem
1273 2163 1321 2215 se
1372 2159 1566 2213 maiori
1625 2154 1860 2214 albedine
1927 2161 2222 2231 distinguit.

525 2250 770 2307 Dorsum
817 2249 1019 2303 sordide
1067 2249 1357 2301 cinereum.
1448 2242 1638 2299 Mediis
1719 2242 1772 2295 in
1842 2243 1935 2297 alis
2002 2249 2223 2320 conspi—

525 2340 744 2390 ciuntur
792 2334 1028 2388 maculae
1077 2335 1250 2400 albae,
1306 2329 1595 2397 oblongae,
1659 2327 2000 2399 piliformeS,
2069 2346 2219 2389 natae

524 2439 554 2475 a
603 2421 883 2476 tectricum
930 2419 1142 2473 alarum
1190 2417 1542 2489 pesteriorum
1589 2412 1799 2467 vexillo
1873 2429 2098 2472 externo
2139 2418 2224 2472 al-

523 2508 630 2576 bo,
700 2507 859 2576 nigro
929 2500 1131 2560 colore
1181 2504 1487 2557 terminato·
1574 2496 1828 2567 Remiges
1871 2513 1963 2555 aut
2006 2501 2218 2575 dilute,

521 2605 614 2646 aut
658 2592 872 2646 obscure
916 2591 1144 2645 cinereis
1174 2630 1188 2656 ‚
1244 2583 1453 2657 punctis
1498 2580 1679 2635 albidis
1728 2586 1905 2657 fascias
1950 2588 2220 2644 imitanti-

521 2677 617 2730 bus
684 2680 740 2731 in
791 2688 1018 2747 vtroque
1064 2671 1269 2727 vexillo
1312 2667 1559 2723 distiiic'ti.
1650 2667 1949 2739 Remigum
2013 2676 2218 2728 extima

523 2763 715 2814 serrata
785 2762 869 2814 est.
981 2759 1182 2813 Oculos
1246 2754 1430 2809 ambit
1463 2749 1701 2806 circulus
1744 2759 1985 2811 constans
2031 2759 2218 2829 pennis

525 2843 906 2913 decompositis
946 2843 1190 2898 cinereiS.
1303 2837 1597 2895 Circulum
1645 2841 2027 2918 complectitur
2069 2842 2213 2914 quast

2087 2925 2214 2981 ascia
