<?xml version="1.0" encoding="UTF-8"?>
<!DOCTYPE html PUBLIC "-//W3C//DTD XHTML 1.0 Transitional//EN"
    "http://www.w3.org/TR/xhtml1/DTD/xhtml1-transitional.dtd">
<html xmlns="http://www.w3.org/1999/xhtml" xml:lang="en" lang="en">
 <head>
  <title>
</title>
<meta http-equiv="Content-Type" content="text/html;charset=utf-8" />
  <meta name='ocr-system' content='tesseract 3.04.00' />
  <meta name='ocr-capabilities' content='ocr_page ocr_carea ocr_par ocr_line ocrx_word'/>
</head>
<body>
  <div class='ocr_page' id='page_1' title='image "./novicommentariac15impe_0289.png"; bbox 0 0 2402 3329; ppageno 0'>
   <div class='ocr_carea' id='block_1_1' title="bbox 471 252 1833 323">
    <p class='ocr_par' dir='ltr' id='par_1_1' title="bbox 471 252 1833 323">
     <span class='ocr_line' id='line_1_1' title="bbox 471 252 1833 323; baseline -0.008 -1"><span class='ocrx_word' id='word_1_1' title='bbox 471 257 1034 322; x_wconf 82' lang='lat' dir='ltr'>FLVIDORVM</span> <span class='ocrx_word' id='word_1_2' title='bbox 1113 252 1521 314; x_wconf 81' lang='lat' dir='ltr'>LINEARI.</span> <span class='ocrx_word' id='word_1_3' title='bbox 1717 267 1833 323; x_wconf 69' lang='lat'>223</span> 
     </span>
    </p>
   </div>
   <div class='ocr_carea' id='block_1_2' title="bbox 145 405 1857 1922">
    <p class='ocr_par' dir='ltr' id='par_1_2' title="bbox 145 405 1857 1922">
     <span class='ocr_line' id='line_1_2' title="bbox 161 405 1835 482; baseline -0.007 -9"><span class='ocrx_word' id='word_1_4' title='bbox 161 413 487 472; x_wconf 76' lang='lat' dir='ltr'>considerabo</span> <span class='ocrx_word' id='word_1_5' title='bbox 530 413 718 481; x_wconf 59' lang='lat' dir='ltr'>reema,</span> <span class='ocrx_word' id='word_1_6' title='bbox 764 412 846 466; x_wconf 90' lang='lat' dir='ltr'>seu</span> <span class='ocrx_word' id='word_1_7' title='bbox 893 408 1071 482; x_wconf 86' lang='lat' dir='ltr'>potius</span> <span class='ocrx_word' id='word_1_8' title='bbox 1115 424 1353 481; x_wconf 86' lang='lat' dir='ltr'>quorum</span> <span class='ocrx_word' id='word_1_9' title='bbox 1399 405 1696 464; x_wconf 66' lang='lat' dir='ltr'>direistrices</span> <span class='ocrx_word' id='word_1_10' title='bbox 1733 405 1835 461; x_wconf 83' lang='lat' dir='ltr'>sint</span> 
     </span>
     <span class='ocr_line' id='line_1_3' title="bbox 158 494 1838 569; baseline -0.006 -16"><span class='ocrx_word' id='word_1_11' title='bbox 158 500 323 553; x_wconf 80' lang='lat' dir='ltr'>lineae</span> <span class='ocrx_word' id='word_1_12' title='bbox 367 499 532 552; x_wconf 62' lang='lat' dir='ltr'>reciae</span> <span class='ocrx_word' id='word_1_13' title='bbox 565 539 579 565; x_wconf 88' lang='lat'><strong>‚</strong></span> <span class='ocrx_word' id='word_1_14' title='bbox 624 498 811 569; x_wconf 81' lang='lat' dir='ltr'>quibus</span> <span class='ocrx_word' id='word_1_15' title='bbox 855 498 1075 568; x_wconf 87' lang='lat' dir='ltr'>quidem</span> <span class='ocrx_word' id='word_1_16' title='bbox 1123 494 1504 567; x_wconf 78' lang='lat' dir='ltr'>amplitudines</span> <span class='ocrx_word' id='word_1_17' title='bbox 1565 507 1838 561; x_wconf 81' lang='lat' dir='ltr'>vtcunque</span> 
     </span>
     <span class='ocr_line' id='line_1_4' title="bbox 157 579 1839 640; baseline -0.006 0"><span class='ocrx_word' id='word_1_18' title='bbox 157 583 426 640; x_wconf 79' lang='lat' dir='ltr'>variabiles</span> <span class='ocrx_word' id='word_1_19' title='bbox 473 584 705 638; x_wconf 78' lang='lat' dir='ltr'>tribuere</span> <span class='ocrx_word' id='word_1_20' title='bbox 751 585 891 636; x_wconf 79' lang='lat' dir='ltr'>licet.</span> <span class='ocrx_word' id='word_1_21' title='bbox 984 580 1192 637; x_wconf 82' lang='lat' dir='ltr'><strong>Deinde</strong></span> <span class='ocrx_word' id='word_1_22' title='bbox 1255 579 1407 634; x_wconf 88' lang='lat' dir='ltr'>fluidi</span> <span class='ocrx_word' id='word_1_23' title='bbox 1477 591 1656 633; x_wconf 85' lang='lat' dir='ltr'>motus</span> <span class='ocrx_word' id='word_1_24' title='bbox 1720 580 1839 631; x_wconf 80' lang='lat' dir='ltr'>sum</span> 
     </span>
     <span class='ocr_line' id='line_1_5' title="bbox 158 663 1850 740; baseline -0.005 -16"><span class='ocrx_word' id='word_1_25' title='bbox 158 670 564 738; x_wconf 81' lang='lat' dir='ltr'>inuestigaturus</span> <span class='ocrx_word' id='word_1_26' title='bbox 608 687 701 740; x_wconf 89' lang='lat' dir='ltr'>per</span> <span class='ocrx_word' id='word_1_27' title='bbox 757 673 957 734; x_wconf 72' lang='lat' dir='ltr'>tuboe,</span> <span class='ocrx_word' id='word_1_28' title='bbox 1027 682 1266 736; x_wconf 87' lang='lat' dir='ltr'>quorum</span> <span class='ocrx_word' id='word_1_29' title='bbox 1337 665 1641 719; x_wconf 70' lang='lat' dir='ltr'>directrices</span> <span class='ocrx_word' id='word_1_30' title='bbox 1715 663 1850 716; x_wconf 80' lang='lat' dir='ltr'>sunt&#39;</span> 
     </span>
     <span class='ocr_line' id='line_1_6' title="bbox 150 745 1838 825; baseline -0.004 -15"><span class='ocrx_word' id='word_1_31' title='bbox 150 756 318 810; x_wconf 88' lang='lat' dir='ltr'>lineae</span> <span class='ocrx_word' id='word_1_32' title='bbox 354 769 593 822; x_wconf 77' lang='lat' dir='ltr'>curuae3</span> <span class='ocrx_word' id='word_1_33' title='bbox 644 769 775 825; x_wconf 87' lang='lat' dir='ltr'>quae</span> <span class='ocrx_word' id='word_1_34' title='bbox 820 760 982 823; x_wconf 86' lang='lat' dir='ltr'>prout</span> <span class='ocrx_word' id='word_1_35' title='bbox 1027 750 1226 804; x_wconf 88' lang='lat' dir='ltr'>fuerint</span> <span class='ocrx_word' id='word_1_36' title='bbox 1252 748 1340 803; x_wconf 83' lang='lat' dir='ltr'>vel</span> <span class='ocrx_word' id='word_1_37' title='bbox 1366 748 1421 801; x_wconf 86' lang='lat' dir='ltr'>in</span> <span class='ocrx_word' id='word_1_38' title='bbox 1450 750 1637 803; x_wconf 89' lang='lat' dir='ltr'>eodem</span> <span class='ocrx_word' id='word_1_39' title='bbox 1673 745 1838 816; x_wconf 86' lang='lat' dir='ltr'>plano</span> 
     </span>
     <span class='ocr_line' id='line_1_7' title="bbox 149 834 1839 907; baseline -0.007 -12"><span class='ocrx_word' id='word_1_40' title='bbox 149 837 238 895; x_wconf 73' lang='lat' dir='ltr'>vel</span> <span class='ocrx_word' id='word_1_41' title='bbox 283 837 469 894; x_wconf 72' lang='lat' dir='ltr'>secus?</span> <span class='ocrx_word' id='word_1_42' title='bbox 524 841 581 894; x_wconf 88' lang='lat' dir='ltr'>in</span> <span class='ocrx_word' id='word_1_43' title='bbox 651 839 858 894; x_wconf 86' lang='lat' dir='ltr'>calculo</span> <span class='ocrx_word' id='word_1_44' title='bbox 924 835 1142 907; x_wconf 85' lang='lat' dir='ltr'>aliquod</span> <span class='ocrx_word' id='word_1_45' title='bbox 1206 834 1512 888; x_wconf 84' lang='lat' dir='ltr'>aliscrimen</span> <span class='ocrx_word' id='word_1_46' title='bbox 1583 836 1839 903; x_wconf 72' lang='lat' dir='ltr'>pariunt,</span> 
     </span>
     <span class='ocr_line' id='line_1_8' title="bbox 149 916 1835 995; baseline -0.008 -13"><span class='ocrx_word' id='word_1_47' title='bbox 149 927 282 982; x_wconf 80' lang='lat' dir='ltr'>dum</span> <span class='ocrx_word' id='word_1_48' title='bbox 332 925 502 995; x_wconf 79' lang='lat' dir='ltr'>priori</span> <span class='ocrx_word' id='word_1_49' title='bbox 545 927 663 978; x_wconf 87' lang='lat' dir='ltr'>casu</span> <span class='ocrx_word' id='word_1_50' title='bbox 707 923 881 992; x_wconf 78' lang='lat' dir='ltr'>figura</span> <span class='ocrx_word' id='word_1_51' title='bbox 927 938 1023 993; x_wconf 89' lang='lat' dir='ltr'>per</span> <span class='ocrx_word' id='word_1_52' title='bbox 1068 922 1193 975; x_wconf 86' lang='lat' dir='ltr'>duas</span> <span class='ocrx_word' id='word_1_53' title='bbox 1236 931 1453 974; x_wconf 83' lang='lat' dir='ltr'>tantum</span> <span class='ocrx_word' id='word_1_54' title='bbox 1481 916 1835 985; x_wconf 78' lang='lat' dir='ltr'>coordinatas‚</span> 
     </span>
     <span class='ocr_line' id='line_1_9' title="bbox 148 1002 1838 1082; baseline -0.005 -20"><span class='ocrx_word' id='word_1_55' title='bbox 148 1010 426 1082; x_wconf 86' lang='lat' dir='ltr'>posteriori</span> <span class='ocrx_word' id='word_1_56' title='bbox 496 1025 633 1063; x_wconf 81' lang='lat' dir='ltr'>vero</span> <span class='ocrx_word' id='word_1_57' title='bbox 700 1025 794 1079; x_wconf 89' lang='lat' dir='ltr'>per</span> <span class='ocrx_word' id='word_1_58' title='bbox 843 1018 955 1058; x_wconf 28' lang='lat' dir='ltr'>*tres</span> <span class='ocrx_word' id='word_1_59' title='bbox 1003 1007 1074 1057; x_wconf 87' lang='lat' dir='ltr'>est</span> <span class='ocrx_word' id='word_1_60' title='bbox 1119 1002 1433 1055; x_wconf 86' lang='lat' dir='ltr'>definienda.</span> <span class='ocrx_word' id='word_1_61' title='bbox 1518 1003 1838 1055; x_wconf 76' lang='lat' dir='ltr'>Plurimum</span> 
     </span>
     <span class='ocr_line' id='line_1_10' title="bbox 148 1084 1840 1158; baseline -0.006 -10"><span class='ocrx_word' id='word_1_62' title='bbox 148 1096 336 1148; x_wconf 82' lang='lat' dir='ltr'>deinde</span> <span class='ocrx_word' id='word_1_63' title='bbox 406 1092 647 1158; x_wconf 88' lang='lat' dir='ltr'>interest,</span> <span class='ocrx_word' id='word_1_64' title='bbox 714 1103 902 1144; x_wconf 81' lang='lat' dir='ltr'>vtrum</span> <span class='ocrx_word' id='word_1_65' title='bbox 949 1086 1179 1139; x_wconf 87' lang='lat' dir='ltr'>fluidum</span> <span class='ocrx_word' id='word_1_66' title='bbox 1230 1096 1493 1156; x_wconf 87' lang='lat' dir='ltr'>perpetuo</span> <span class='ocrx_word' id='word_1_67' title='bbox 1539 1086 1597 1138; x_wconf 91' lang='lat' dir='ltr'>in</span> <span class='ocrx_word' id='word_1_68' title='bbox 1645 1084 1840 1138; x_wconf 84' lang='lat' dir='ltr'>liuius-</span> 
     </span>
     <span class='ocr_line' id='line_1_11' title="bbox 154 1167 1840 1243; baseline -0.005 -11"><span class='ocrx_word' id='word_1_69' title='bbox 154 1177 306 1231; x_wconf 84' lang='lat' dir='ltr'>modi</span> <span class='ocrx_word' id='word_1_70' title='bbox 348 1177 487 1229; x_wconf 82' lang='lat' dir='ltr'>tubis</span> <span class='ocrx_word' id='word_1_71' title='bbox 530 1175 703 1241; x_wconf 86' lang='lat' dir='ltr'>fluat,</span> <span class='ocrx_word' id='word_1_72' title='bbox 763 1179 831 1228; x_wconf 80' lang='lat' dir='ltr'>a&#39;n</span> <span class='ocrx_word' id='word_1_73' title='bbox 874 1169 1063 1224; x_wconf 86' lang='lat' dir='ltr'>alicubi</span> <span class='ocrx_word' id='word_1_74' title='bbox 1112 1167 1298 1223; x_wconf 86' lang='lat' dir='ltr'>effluat</span> <span class='ocrx_word' id='word_1_75' title='bbox 1349 1183 1467 1222; x_wconf 90' lang='lat' dir='ltr'>tum</span> <span class='ocrx_word' id='word_1_76' title='bbox 1533 1184 1666 1224; x_wconf 79' lang='lat' dir='ltr'>vero</span> <span class='ocrx_word' id='word_1_77' title='bbox 1733 1168 1840 1243; x_wconf 83' lang='lat' dir='ltr'>ipsa</span> 
     </span>
     <span class='ocr_line' id='line_1_12' title="bbox 151 1252 1857 1327; baseline -0.006 -12"><span class='ocrx_word' id='word_1_78' title='bbox 151 1262 312 1316; x_wconf 81' lang='lat' dir='ltr'>fluidi</span> <span class='ocrx_word' id='word_1_79' title='bbox 368 1274 597 1327; x_wconf 88' lang='lat' dir='ltr'>natura,</span> <span class='ocrx_word' id='word_1_80' title='bbox 659 1268 714 1311; x_wconf 88' lang='lat' dir='ltr'>et</span> <span class='ocrx_word' id='word_1_81' title='bbox 777 1256 921 1308; x_wconf 88' lang='lat' dir='ltr'>vires</span> <span class='ocrx_word' id='word_1_82' title='bbox 984 1252 1322 1306; x_wconf 84' lang='lat' dir='ltr'>sollicitantes</span> <span class='ocrx_word' id='word_1_83' title='bbox 1389 1254 1446 1305; x_wconf 90' lang='lat' dir='ltr'>in</span> <span class='ocrx_word' id='word_1_84' title='bbox 1509 1257 1857 1322; x_wconf 79' lang='lat' dir='ltr'>computum&#39;</span> 
     </span>
     <span class='ocr_line' id='line_1_13' title="bbox 151 1336 1851 1402; baseline -0.005 -2"><span class='ocrx_word' id='word_1_85' title='bbox 151 1347 271 1402; x_wconf 85' lang='lat' dir='ltr'>sunt</span> <span class='ocrx_word' id='word_1_86' title='bbox 313 1345 590 1397; x_wconf 84' lang='lat' dir='ltr'>ducendae.</span> <span class='ocrx_word' id='word_1_87' title='bbox 678 1336 925 1391; x_wconf 82' lang='lat' dir='ltr'>Omnino</span> <span class='ocrx_word' id='word_1_88' title='bbox 971 1346 1155 1390; x_wconf 87' lang='lat' dir='ltr'>autem</span> <span class='ocrx_word' id='word_1_89' title='bbox 1205 1349 1382 1389; x_wconf 87' lang='lat' dir='ltr'>motus</span> <span class='ocrx_word' id='word_1_90' title='bbox 1450 1336 1851 1392; x_wconf 84' lang='lat' dir='ltr'>determinatio</span> 
     </span>
     <span class='ocr_line' id='line_1_14' title="bbox 150 1419 1839 1496; baseline -0.004 -13"><span class='ocrx_word' id='word_1_91' title='bbox 150 1428 240 1483; x_wconf 77' lang='lat' dir='ltr'>exv</span> <span class='ocrx_word' id='word_1_92' title='bbox 267 1423 544 1496; x_wconf 85' lang='lat' dir='ltr'>principiis</span> <span class='ocrx_word' id='word_1_93' title='bbox 583 1432 704 1475; x_wconf 84' lang='lat' dir='ltr'>ante</span> <span class='ocrx_word' id='word_1_94' title='bbox 749 1419 985 1475; x_wconf 86' lang='lat' dir='ltr'>stabilitis</span> <span class='ocrx_word' id='word_1_95' title='bbox 1028 1421 1140 1492; x_wconf 88' lang='lat' dir='ltr'>peti</span> <span class='ocrx_word' id='word_1_96' title='bbox 1202 1420 1350 1475; x_wconf 86' lang='lat' dir='ltr'>debet</span> <span class='ocrx_word' id='word_1_97' title='bbox 1377 1462 1391 1487; x_wconf 89' lang='lat'><strong><em>‚</em></strong></span> <span class='ocrx_word' id='word_1_98' title='bbox 1455 1433 1510 1474; x_wconf 85' lang='lat' dir='ltr'>et</span> <span class='ocrx_word' id='word_1_99' title='bbox 1578 1421 1839 1493; x_wconf 81' lang='lat' dir='ltr'>quoniam</span> 
     </span>
     <span class='ocr_line' id='line_1_15' title="bbox 146 1503 1837 1581; baseline -0.005 -15"><span class='ocrx_word' id='word_1_100' title='bbox 146 1510 357 1581; x_wconf 85' lang='lat' dir='ltr'>duplici</span> <span class='ocrx_word' id='word_1_101' title='bbox 402 1507 562 1563; x_wconf 86' lang='lat' dir='ltr'>m&#39;odo</span> <span class='ocrx_word' id='word_1_102' title='bbox 607 1505 745 1560; x_wconf 84' lang='lat' dir='ltr'>haec</span> <span class='ocrx_word' id='word_1_103' title='bbox 804 1516 987 1559; x_wconf 85' lang='lat' dir='ltr'>motus</span> <span class='ocrx_word' id='word_1_104' title='bbox 1053 1505 1342 1576; x_wconf 84' lang='lat' dir='ltr'>principia</span> <span class='ocrx_word' id='word_1_105' title='bbox 1383 1505 1503 1558; x_wconf 85' lang='lat' dir='ltr'>sunt</span> <span class='ocrx_word' id='word_1_106' title='bbox 1569 1503 1794 1559; x_wconf 85' lang='lat' dir='ltr'>euoluta</span> <span class='ocrx_word' id='word_1_107' title='bbox 1821 1547 1837 1574; x_wconf 90' lang='lat'>‚</span> 
     </span>
     <span class='ocr_line' id='line_1_16' title="bbox 149 1589 1835 1666; baseline -0.002 -20"><span class='ocrx_word' id='word_1_108' title='bbox 149 1595 345 1666; x_wconf 85' lang='lat' dir='ltr'>quouis</span> <span class='ocrx_word' id='word_1_109' title='bbox 387 1595 505 1648; x_wconf 75' lang='lat' dir='ltr'>casu</span> <span class='ocrx_word' id='word_1_110' title='bbox 550 1592 632 1647; x_wconf 76' lang='lat' dir='ltr'>vti</span> <span class='ocrx_word' id='word_1_111' title='bbox 681 1590 971 1647; x_wconf 89' lang='lat' dir='ltr'>conueniet</span> <span class='ocrx_word' id='word_1_112' title='bbox 1018 1605 1084 1645; x_wconf 92' lang='lat' dir='ltr'>eo</span> <span class='ocrx_word' id='word_1_113' title='bbox 1145 1589 1243 1661; x_wconf 86' lang='lat' dir='ltr'>qui</span> <span class='ocrx_word' id='word_1_114' title='bbox 1312 1589 1553 1644; x_wconf 81' lang='lat' dir='ltr'>maxime</span> <span class='ocrx_word' id='word_1_115' title='bbox 1619 1605 1835 1645; x_wconf 88' lang='lat' dir='ltr'>accom-</span> 
     </span>
     <span class='ocr_line' id='line_1_17' title="bbox 145 1673 1834 1747; baseline -0.002 -13"><span class='ocrx_word' id='word_1_116' title='bbox 145 1682 392 1746; x_wconf 89' lang='lat' dir='ltr'>modatus</span> <span class='ocrx_word' id='word_1_117' title='bbox 437 1678 720 1734; x_wconf 82' lang='lat' dir='ltr'>videbitur.</span> <span class='ocrx_word' id='word_1_118' title='bbox 792 1675 1043 1732; x_wconf 90' lang='lat' dir='ltr'>Primum</span> <span class='ocrx_word' id='word_1_119' title='bbox 1088 1676 1310 1747; x_wconf 90' lang='lat' dir='ltr'>quidem</span> <span class='ocrx_word' id='word_1_120' title='bbox 1356 1678 1510 1734; x_wconf 88' lang='lat' dir='ltr'>tubos</span> <span class='ocrx_word' id='word_1_121' title='bbox 1552 1673 1609 1728; x_wconf 87' lang='lat' dir='ltr'>in</span> <span class='ocrx_word' id='word_1_122' title='bbox 1652 1675 1834 1747; x_wconf 86' lang='lat' dir='ltr'>quiete</span> 
     </span>
     <span class='ocr_line' id='line_1_18' title="bbox 146 1759 1837 1842; baseline -0.001 -24"><span class='ocrx_word' id='word_1_123' title='bbox 146 1763 341 1842; x_wconf 78' lang='lat' dir='ltr'>positos</span> <span class='ocrx_word' id='word_1_124' title='bbox 384 1763 664 1835; x_wconf 68' lang='lat' dir='ltr'>spestab0‚</span> <span class='ocrx_word' id='word_1_125' title='bbox 720 1762 967 1835; x_wconf 84' lang='lat' dir='ltr'>deinceps</span> <span class='ocrx_word' id='word_1_126' title='bbox 1037 1760 1253 1818; x_wconf 80' lang='lat' dir='ltr'>seorsim</span> <span class='ocrx_word' id='word_1_127' title='bbox 1310 1759 1395 1831; x_wconf 72' lang='lat' dir='ltr'>vin¹</span> <span class='ocrx_word' id='word_1_128' title='bbox 1447 1773 1670 1817; x_wconf 89' lang='lat' dir='ltr'>motum</span> <span class='ocrx_word' id='word_1_129' title='bbox 1741 1776 1837 1838; x_wconf 79' lang='lat' dir='ltr'>per</span> 
     </span>
     <span class='ocr_line' id='line_1_19' title="bbox 149 1844 1311 1922; baseline 0.003 -20"><span class='ocrx_word' id='word_1_130' title='bbox 149 1844 299 1906; x_wconf 81' lang='lat' dir='ltr'>tiibos</span> <span class='ocrx_word' id='word_1_131' title='bbox 342 1850 568 1910; x_wconf 83' lang='lat' dir='ltr'>mobiles</span> <span class='ocrx_word' id='word_1_132' title='bbox 609 1847 973 1922; x_wconf 75' lang='lat' dir='ltr'>inquisiturus,</span> <span class='ocrx_word' id='word_1_133' title='bbox 1309 1850 1311 1853; x_wconf 80' lang='grc'><strong>’</strong></span> 
     </span>
    </p>
   </div>
   <div class='ocr_carea' id='block_1_3' title="bbox 568 1995 1473 2097">
    <p class='ocr_par' dir='ltr' id='par_1_3' title="bbox 568 1995 1473 2097">
     <span class='ocr_line' id='line_1_20' title="bbox 568 1995 1473 2097; baseline -0.001 -22"><span class='ocrx_word' id='word_1_134' title='bbox 568 1995 1157 2075; x_wconf 85' lang='lat' dir='ltr'>Problema</span> <span class='ocrx_word' id='word_1_135' title='bbox 1273 2018 1473 2097; x_wconf 67' lang='lat'>42.⁴</span> 
     </span>
    </p>
   </div>
   <div class='ocr_carea' id='block_1_4' title="bbox 155 2120 1843 2370">
    <p class='ocr_par' dir='ltr' id='par_1_4' title="bbox 155 2120 1843 2370">
     <span class='ocr_line' id='line_1_21' title="bbox 349 2120 1834 2196; baseline -0.002 -18"><span class='ocrx_word' id='word_1_136' title='bbox 349 2138 405 2192; x_wconf 90' lang='lat'>7.</span> <span class='ocrx_word' id='word_1_137' title='bbox 455 2126 676 2180; x_wconf 84' lang='lat' dir='ltr'>Motum</span> <span class='ocrx_word' id='word_1_138' title='bbox 724 2124 988 2176; x_wconf 85' lang='lat' dir='ltr'>linearem</span> <span class='ocrx_word' id='word_1_139' title='bbox 1032 2125 1187 2179; x_wconf 88' lang='lat' dir='ltr'>fluidi</span> <span class='ocrx_word' id='word_1_140' title='bbox 1235 2126 1566 2196; x_wconf 85' lang='lat' dir='ltr'>per.tubum</span> <span class='ocrx_word' id='word_1_141' title='bbox 1625 2120 1834 2178; x_wconf 74' lang='lat' dir='ltr'>rec&#39;tili-</span> 
     </span>
     <span class='ocr_line' id='line_1_22' title="bbox 155 2204 1843 2276; baseline -0.004 -11"><span class='ocrx_word' id='word_1_142' title='bbox 155 2221 319 2265; x_wconf 85' lang='lat' dir='ltr'>neum</span> <span class='ocrx_word' id='word_1_143' title='bbox 366 2209 428 2261; x_wconf 83' lang='lat' dir='ltr'>ad</span> <span class='ocrx_word' id='word_1_144' title='bbox 474 2204 750 2259; x_wconf 85' lang='lat' dir='ltr'>calculum</span> <span class='ocrx_word' id='word_1_145' title='bbox 795 2221 1082 2276; x_wconf 79' lang='lat' dir='ltr'>reuocare3</span> <span class='ocrx_word' id='word_1_146' title='bbox 1150 2207 1473 2264; x_wconf 88' lang='lat' dir='ltr'>methodum</span> <span class='ocrx_word' id='word_1_147' title='bbox 1538 2205 1843 2264; x_wconf 69' lang='lat' dir='ltr'>adhibenda</span> 
     </span>
     <span class='ocr_line' id='line_1_23' title="bbox 156 2288 1168 2370; baseline -0.002 -22"><span class='ocrx_word' id='word_1_148' title='bbox 156 2294 303 2370; x_wconf 81' lang='lat' dir='ltr'>supra</span> <span class='ocrx_word' id='word_1_149' title='bbox 343 2291 516 2370; x_wconf 83' lang='lat' dir='ltr'>priori</span> <span class='ocrx_word' id='word_1_150' title='bbox 553 2288 675 2356; x_wconf 82' lang='lat' dir='ltr'>loco</span> <span class='ocrx_word' id='word_1_151' title='bbox 719 2289 1035 2363; x_wconf 77' lang='lat' dir='ltr'>expositam.</span> <span class='ocrx_word' id='word_1_152' title='bbox 1087 2364 1090 2365; x_wconf 16' lang='lat'><em>⁷</em></span> <span class='ocrx_word' id='word_1_153' title='bbox 1141 2357 1168 2366; x_wconf 10' lang='lat' dir='ltr'>‚y</span> 
     </span>
    </p>
   </div>
   <div class='ocr_carea' id='block_1_5' title="bbox 748 2449 1226 2529">
    <p class='ocr_par' dir='ltr' id='par_1_5' title="bbox 748 2449 1226 2529">
     <span class='ocr_line' id='line_1_24' title="bbox 748 2449 1226 2529; baseline 0 -1"><span class='ocrx_word' id='word_1_154' title='bbox 748 2449 1226 2529; x_wconf 86' lang='lat' dir='ltr'>Solutio.</span> 
     </span>
    </p>
   </div>
   <div class='ocr_carea' id='block_1_6' title="bbox 156 2581 2063 2990">
    <p class='ocr_par' dir='ltr' id='par_1_6' title="bbox 355 2581 2047 2667">
     <span class='ocr_line' id='line_1_25' title="bbox 355 2581 2047 2667; baseline -0.004 -19"><span class='ocrx_word' id='word_1_155' title='bbox 355 2586 435 2648; x_wconf 88' lang='lat' dir='ltr'>Sit</span> <span class='ocrx_word' id='word_1_156' title='bbox 475 2585 530 2648; x_wconf 91' lang='lat' dir='ltr'>O</span> <span class='ocrx_word' id='word_1_157' title='bbox 555 2588 583 2645; x_wconf 95' lang='lat' dir='ltr'>I</span> <span class='ocrx_word' id='word_1_158' title='bbox 610 2589 719 2645; x_wconf 84' lang='lat' dir='ltr'>Aa</span> <span class='ocrx_word' id='word_1_159' title='bbox 763 2591 919 2646; x_wconf 86' lang='lat' dir='ltr'>tubus</span> <span class='ocrx_word' id='word_1_160' title='bbox 963 2594 1264 2667; x_wconf 89' lang='lat' dir='ltr'>propositus</span> <span class='ocrx_word' id='word_1_161' title='bbox 1306 2592 1521 2666; x_wconf 88' lang='lat' dir='ltr'>eiusque</span> <span class='ocrx_word' id='word_1_162' title='bbox 1570 2589 1831 2647; x_wconf 64' lang='lat' dir='ltr'>direstrix</span> <span class='ocrx_word' id='word_1_163' title='bbox 1856 2581 1978 2662; x_wconf 12' lang='lat' dir='ltr'>‘&#39;Ifab·</span> <span class='ocrx_word' id='word_1_164' title='bbox 2015 2585 2047 2633; x_wconf 69' lang='lat'>1,</span> 
     </span>
    </p>

    <p class='ocr_par' dir='ltr' id='par_1_7' title="bbox 156 2652 2063 2990">
     <span class='ocr_line' id='line_1_26' title="bbox 158 2652 2063 2752; baseline -0.01 -22"><span class='ocrx_word' id='word_1_165' title='bbox 158 2673 299 2730; x_wconf 86' lang='lat' dir='ltr'>linea</span> <span class='ocrx_word' id='word_1_166' title='bbox 344 2676 484 2731; x_wconf 73' lang='lat' dir='ltr'>rec&#39;ta</span> <span class='ocrx_word' id='word_1_167' title='bbox 527 2677 579 2732; x_wconf 93' lang='lat' dir='ltr'>O</span> <span class='ocrx_word' id='word_1_168' title='bbox 607 2681 653 2731; x_wconf 85' lang='lat' dir='ltr'><strong>A</strong></span> <span class='ocrx_word' id='word_1_169' title='bbox 695 2677 850 2732; x_wconf 86' lang='lat' dir='ltr'>cuius</span> <span class='ocrx_word' id='word_1_170' title='bbox 893 2678 1201 2750; x_wconf 88' lang='lat' dir='ltr'>amplitudo</span> <span class='ocrx_word' id='word_1_171' title='bbox 1269 2677 1334 2746; x_wconf 85' lang='lat' dir='ltr'>fit</span> <span class='ocrx_word' id='word_1_172' title='bbox 1404 2693 1679 2752; x_wconf 70' lang='lat' dir='ltr'>vtcunque</span> <span class='ocrx_word' id='word_1_173' title='bbox 1739 2695 1832 2734; x_wconf 70' lang='lat' dir='ltr'>va-</span> <span class='ocrx_word' id='word_1_174' title='bbox 1865 2652 1955 2719; x_wconf 68' lang='lat'>1²¹8·</span> <span class='ocrx_word' id='word_1_175' title='bbox 1991 2666 2063 2712; x_wconf 84' lang='lat'>34·</span> 
     </span>
     <span class='ocr_line' id='line_1_27' title="bbox 157 2755 1830 2834; baseline 0.004 -21"><span class='ocrx_word' id='word_1_176' title='bbox 157 2759 374 2816; x_wconf 82' lang='lat' dir='ltr'>riabilis.</span> <span class='ocrx_word' id='word_1_177' title='bbox 494 2755 690 2833; x_wconf 86' lang='lat' dir='ltr'>Elapso</span> <span class='ocrx_word' id='word_1_178' title='bbox 756 2775 1003 2834; x_wconf 88' lang='lat' dir='ltr'>tempore</span> <span class='ocrx_word' id='word_1_179' title='bbox 1066 2777 1176 2821; x_wconf 76' lang='lat' dir='ltr'>:t</span> <span class='ocrx_word' id='word_1_180' title='bbox 1243 2763 1601 2822; x_wconf 84' lang='lat' dir='ltr'>consideretur</span> <span class='ocrx_word' id='word_1_181' title='bbox 1671 2760 1830 2819; x_wconf 89' lang='lat' dir='ltr'>fluidi</span> 
     </span>
     <span class='ocr_line' id='line_1_28' title="bbox 156 2841 1859 2925; baseline -0.001 -22"><span class='ocrx_word' id='word_1_182' title='bbox 156 2843 418 2920; x_wconf 79' lang='lat' dir='ltr'>particula</span> <span class='ocrx_word' id='word_1_183' title='bbox 462 2845 576 2901; x_wconf 87' lang='lat' dir='ltr'>tubi</span> <span class='ocrx_word' id='word_1_184' title='bbox 618 2847 910 2922; x_wconf 87' lang='lat' dir='ltr'>spatiolum</span> <span class='ocrx_word' id='word_1_185' title='bbox 948 2847 1006 2906; x_wconf 93' lang='lat' dir='ltr'>X</span> <span class='ocrx_word' id='word_1_186' title='bbox 1033 2849 1155 2908; x_wconf 89' lang='lat' dir='ltr'>xV</span> <span class='ocrx_word' id='word_1_187' title='bbox 1181 2866 1218 2907; x_wconf 78' lang='lat' dir='ltr'><em>v</em></span> <span class='ocrx_word' id='word_1_188' title='bbox 1261 2841 1541 2925; x_wconf 59' lang='lat' dir='ltr'>occupane&#39;,</span> <span class='ocrx_word' id='word_1_189' title='bbox 1592 2860 1752 2918; x_wconf 89' lang='lat' dir='ltr'>atque</span> <span class='ocrx_word' id='word_1_190' title='bbox 1795 2846 1859 2900; x_wconf 82' lang='lat' dir='ltr'>a&#39;</span> 
     </span>
     <span class='ocr_line' id='line_1_29' title="bbox 1587 2944 1829 2990; baseline 0 -2"><span class='ocrx_word' id='word_1_191' title='bbox 1587 2944 1829 2990; x_wconf 82' lang='lat' dir='ltr'>termino</span> 
     </span>
    </p>
   </div>
  </div>
 </body>
</html>
