2402 3329
467 244 582 296 208
782 237 892 294 DE
937 217 1211 301 CVRVA
1255 226 1840 291 RECTIFmAmLi

467 405 654 445 reuera
699 388 916 461 quidem
976 384 1210 441 infinitas
1265 384 1552 442 solutiones
1619 378 1911 438 exhibuisse
1977 376 2162 434 sumus

467 475 748 541 censendi3
816 488 1014 525 verum
1079 483 1258 523 tamen
1327 472 1453 539 quia
1520 485 1705 522 omnes
1764 470 1821 521 in
1867 481 1971 521 vna
2014 463 2161 535 quafi

471 557 711 615 formula
753 556 1138 620 continentur,
1189 569 1294 604 non
1343 553 1623 604 immerito
1670 552 1795 606 haec
1840 550 2034 604 solutio
2061 566 2166 622 pro

472 645 626 697 vnica
674 638 853 696 haberi
896 637 1024 692 solet
1055 678 1069 704 ,
1114 650 1270 707 atque
1316 652 1454 688 nunc
1498 635 1731 704 quaestio
1777 636 2008 687 maximi
2047 651 2167 688 mo-

474 725 645 782 menti
687 725 930 779 exoritur
958 765 972 791 ‚
1017 737 1208 776 vtrum
1255 734 1458 793 praeter
1505 720 1736 773 circulos
1789 720 2023 773 minores
2057 737 2166 775 non

474 812 607 867 aliae
651 811 848 865 dentur
892 810 947 862 in
992 806 1273 879 superficie
1306 793 1590 879 'sphaerica
1636 805 1800 858 lineae
1847 819 2042 858 curuae
2095 791 2167 857 ex

474 911 705 968 quarum
751 894 1104 962 euolutione‚
1152 893 1314 946 etiam
1364 907 1557 948 curuae
1602 891 1955 961 geometricae
1998 903 2052 945 et
2077 907 2169 961 ref

475 980 781 1036 &ificabiles
821 980 1083 1034 oriantur.

677 1139 909 1199 XXIII.
954 1137 1053 1196 Sed
1100 1151 1387 1209 antequam
1436 1135 1570 1193 hanc
1617 1140 1977 1211 quaestionem
2044 1134 2176 1192 dili-

478 1230 693 1302 gentius
734 1228 1158 1291 exami11emu5‚
1222 1225 1346 1276 alias
1403 1223 1685 1278 nonnullas
1755 1228 1981 1297 insignes
2046 1228 2172 1297 pro'-

478 1319 729 1388 prietates
775 1313 974 1367 harum
1021 1324 1318 1374 curuarum
1363 1315 1770 1379 perpendamus.
1860 1316 1943 1368 Ac
1989 1327 2174 1382 prlmo

478 1404 702 1472 quidem
752 1408 898 1469 patet
944 1411 1010 1448 ex
1054 1395 1240 1450 eodem
1289 1395 1496 1448 circulo
1541 1396 1754 1449 minore
1801 1398 2036 1451 infinitas
2081 1399 2174 1450 de-

479 1486 633 1542 scribi
680 1483 818 1556 posse
880 1496 1068 1534 curua-s
1137 1479 1458 1552 problemati
1488 1492 1489 1495 ’
1523 1480 1702 1550 nostro
1765 1483 2132 1537 satisfacientes
2159 1478 2180 1547 ','

480 1572 740 1646 quoniam
802 1571 856 1621 in
904 1569 1020 1622 eius
1065 1563 1369 1637 peripheria
1415 1566 1637 1619 initium
1681 1565 1769 1619 seu
1811 1562 2101 1641 prineium'
2131 1564 2179 1622 C

482 1674 586 1731 pro
630 1656 853 1711 arbitrio
898 1653 1088 1707 assumi
1139 1652 1321 1724 potest.
1409 1652 1614 1706 Omnes
1662 1668 1793 1708 vero
1839 1654 1962 1708 tales
2010 1652 2181 1706 lineae

482 1743 524 1796 fi
592 1744 648 1795 in
719 1737 997 1810 superficie
1062 1738 1328 1809 sphaerica
1397 1735 1684 1808 descriptae
1763 1741 2136 1811 concipiantur
2164 1765 2185 1807 5

482 1824 626 1896 quafi
674 1825 814 1879 inter
859 1823 908 1876 se
955 1834 1115 1875 erunt
1163 1819 1446 1891 parallelae
1476 1864 1489 1888 ,
1534 1825 1964 1892 quandoquidem
1993 1837 2182 1875 omnes

485 1914 546 1967 ab
590 1909 779 1964 eodem
823 1905 1030 1961 circulo
1081 1906 1325 1957 maximo
1354 1944 1369 1969 ,
1436 1907 1530 1974 qui
1577 1905 1636 1956 in
1679 1920 1839 1956 vnam
1911 1905 1984 1957 est
2052 1919 2182 1957 nor-

487 1996 693 2064 maliS,
737 1991 899 2046 simul
945 1988 1264 2044 normaliter
1306 1990 1551 2043 secantur
1581 2031 1595 2057 ,
1639 2000 1796 2057 atque
1840 2003 2026 2041 omnes
2057 2004 2181 2055 por-

489 2082 657 2134 tiones
709 2076 909 2129 talium
971 2074 1322 2133 circulorum<
1382 2074 1761 2124 maximorum
1832 2072 1973 2123 inter
2042 2071 2185 2125 binas

490 2178 680 2220 curuas
725 2162 1047 2229 interceptae
1091 2169 1255 2208 erunt
1298 2154 1438 2207 inter
1485 2155 1532 2208 se
1575 2155 1832 2223 aequales,
1945 2152 2184 2208 Euidens

491 2251 710 2321 quidem
756 2246 827 2299 est
872 2259 1065 2298 omues
1109 2238 1200 2293 has
1237 2254 1427 2294 curuas
1485 2238 1582 2293 effe
1646 2238 1889 2308 aequales
1950 2253 2004 2292 et
2071 2254 2182 2294 tan-

495 2347 616 2388 tum
665 2332 869 2385 ratione
913 2328 1042 2380 situs
1086 2329 1240 2394 super
1283 2324 1497 2396 sphaera
1542 2323 1751 2376 differre
1784 2364 1797 2389 ,
1828 2325 1836 2334 '
1863 2325 2001 2377 vnde
2056 2323 2183 2395 pul-

492 2417 840 2474 cherrimum
886 2411 1205 2480 exemplum
1252 2408 1593 2462 infinitarum
1641 2411 1934 2461 curuarum
1991 2426 2185 2481 aequa-

492 2503 635 2559 lium
707 2500 763 2554 in
834 2496 1114 2567 superficie
1190 2494 1434 2566 sphaerae
1478 2493 1841 2546 ducendarum
1891 2492 2186 2565 habemus,

489 2603 723 2665 quarum
771 2582 1080 2639 traieetione
1124 2576 1502 2648 orthogonales
1549 2576 1648 2630 fint
1692 2576 1881 2633 circuli
1908 2582 2155 2637 maximi.

695 2750 906 2806 XXIV.
945 2747 1114 2804 Initio
1161 2760 1325 2817 porro
1369 2759 1567 2798 curuae
1612 2743 1658 2799 Β
1688 2744 1750 2801 M
1797 2744 1851 2798 in
1898 2746 2096 2817 punito
2139 2745 2186 2802 C

500 2834 827 2904 constituto,
894 2833 934 2888 fi
998 2846 1148 2887 arcus
1214 2829 1407 2886 circuli
1479 2830 1706 2886 minoris
1775 2830 1907 2887 CO·
1959 2832 2187 2901 aequalis

1952 2916 2186 2990 capiatur
