2402 3329
512 235 639 295 604
695 221 1013 283 LoNssiT.
1041 182 1650 278 Gssocizipfflcffi
1679 222 1785 276 EX
1816 215 2106 275 ECLIPSI

508 390 587 432 ter
631 375 930 446 discrepent
960 414 975 438 .,
1023 389 1089 427 ex
1137 371 1325 427 iisdem
1372 370 1773 444 aequationibus
1817 370 1932 422 veri
1979 364 2187 422 valores

505 461 900 516 correctionum
948 450 1070 524 3‚y
1115 470 1170 510 et
1217 475 1257 509 π
1302 457 1423 510 elici
1469 468 1754 525 poterunt,
1810 455 1996 524 quibus
2042 452 2193 505 vaio-

506 545 870 599 1ibu5-rursus
914 545 969 595 in
1012 541 1426 610 expreflionibus
1472 555 1783 610 temporum
1852 534 2191 590 coniunctio-

506 631 588 681 nis
652 626 977 692 substituti5‚
1047 641 1171 679 vera
1241 638 1514 679 momenta
1570 622 2013 677 coniunffionum
2062 620 2192 674 defi-

504 713 736 767 nientur.
823 710 1128 765 Elementis
1171 723 1349 763 autem
1397 709 1786 762 Astronomicis
1832 705 1926 759 hac
1986 705 2194 759 ratione

506 811 655 850 certo
699 793 1089 857 determinatis·‚
1134 809 1233 862 pro
1279 808 1608 862 vnoquoque
1653 793 1787 857 loco,
1844 791 1931 843 vbi
1978 791 2194 842 vnicam

506 893 717 934 tantum
765 879 1180 932 obseruationem
1229 878 1496 929 instituere
1541 877 1700 928 licuit
1729 916 1743 940 ,
1786 877 1946 926 etiam
1995 889 2193 927 verum

504 973 848 1013 momentum
894 958 1292 1009 coniunctionis
1338 957 1473 1008 Solis
1518 970 1570 1007 et
1619 958 1803 1010 Lunae
1845 959 1897 1008 iu
1946 969 2193 1024 tempore

505 1043 809 1099 Meridiano
853 1039 994 1092 istius
1043 1039 1152 1093 loci
1200 1040 1547 1110 respondente
1574 1081 1589 1109 ‚
1634 1039 1874 1109 exprimi
1920 1039 2136 1107 poterit.

710 1225 799 1275 15.
847 1208 925 1262 Vt
969 1208 1030 1262 de
1072 1207 1214 1260 veris
1257 1205 1528 1261 valoribus
1602 1206 1996 1260 correctionum
2065 1203 2196 1274 &y

501 1306 556 1350 et
602 1315 643 1351 π
682 1296 813 1350 certi
860 1292 975 1348 fieri
1027 1308 1289 1363 queamus
1318 1333 1333 1360 ,
1377 1289 1702 1362 praeprimis
1750 1291 2007 1345 necessum
2049 1295 2197 1360 erit,

505 1395 570 1435 vt
615 1378 880 1434 eiusmodi
923 1379 1263 1447 aequationes
1308 1375 1676 1438 adhibeantur,
1724 1375 1777 1426 in
1826 1377 2011 1447 quibus
2052 1379 2197 1432 coef-

502 1462 744 1519 ficientes
785 1463 1175 1529 incognitarum
1220 1456 1276 1527 δ,
1307 1480 1344 1525 y
1388 1475 1441 1515 et
1488 1479 1529 1513 π
1576 1458 1858 1526 insigniter
1899 1461 2148 1516 differunt
2179 1501 2198 1531 ,

501 1547 542 1603 s1
587 1551 736 1603 enim
782 1547 1078 1601 differentia
1126 1543 1320 1597 harum
1367 1544 1785 1599 coefficicntium
1835 1544 1899 1597 fit
1959 1549 2153 1615 exigua
2185 1587 2201 1615 ,

501 1634 640 1704 ipsae
681 1633 1019 1704 aequationes
1061 1647 1163 1700 pro
1204 1630 1625 1682 coincidentibus
1674 1627 1850 1682 haberi
1877 1631 2066 1684 debent
2128 1647 2199 1684 ex

499 1718 734 1788 quibu5‚
798 1714 1026 1767 omnino
1086 1712 1227 1764 nihil
1270 1712 1518 1765 concludi
1569 1713 1785 1779 poterit„
1910 1715 2197 1768 Eiusmodi

501 1812 688 1852 autem
756 1794 1156 1868 aequationibus
1227 1794 1406 1864 quales
1488 1792 1839 1846 desideramus
1911 1797 2140 1848 obtentis
2178 1835 2194 1863 ,

503 1885 660 1936 vnica
695 1897 831 1950 quae
878 1882 1013 1932 circa
1058 1876 1455 1934 corretstionum
1502 1877 1962 1942 inuestigationem
2009 1881 2194 1948 super·

500 1967 573 2018 est
621 1965 944 2016 incertitudo
972 2001 987 2026 ‚
1059 1963 1268 2014 orietur
1313 1977 1382 2011 ex
1428 1960 1809 2012 incertitudine
1874 1974 2194 2016 momento-

500 2064 625 2102 rum
671 2047 1073 2100 obseruatorum
1105 2085 1118 2106 ‚
1186 2055 1239 2096 at
1286 2057 1414 2096 vero
1458 2039 1515 2092 bi
1561 2057 1769 2095 errores
1816 2057 1963 2097 tanto
2020 2047 2195 2099 maio-

499 2148 619 2187 rem
688 2130 950 2184 habebunt
1017 2125 1284 2180 influxum
1322 2170 1336 2195 ,
1414 2139 1616 2195 quanto
1694 2127 1927 2181 minores
1994 2130 2195 2186 fuerint

501 2216 851 2271 coefficientes
878 2257 892 2285 ‚
938 2212 1127 2282 quibus
1170 2207 1229 2278 ὃ,
1266 2228 1299 2276 y
1339 2223 1390 2263 et
1439 2227 1479 2262 π
1523 2210 1835 2265 afficiuntur
1862 2254 1875 2281 ,
1946 2229 2010 2266 ne
2087 2215 2195 2283 igi.

503 2315 594 2355 tur
643 2302 704 2352 de
751 2299 833 2353 his
880 2297 1152 2351 valoribus
1196 2296 1359 2349 nimis
1430 2295 1836 2362 praecipitanter
1903 2299 2191 2369 quicquam

502 2386 831 2452 statuamu8‚
897 2383 1163 2437 conducet
1230 2381 1293 2433 ad
1367 2393 1557 2430 manus
1603 2376 1790 2433 habere
1836 2382 2189 2438 sufficientem

501 2483 798 2523 numerum
866 2466 1244 2535 aequationum
1315 2463 1479 2515 etiam
1552 2462 1750 2517 talium
1794 2507 1810 2533 ‚
1874 2468 1931 2521 in
2006 2470 2192 2539 quibus

505 2553 860 2608 coefficientes
905 2551 1310 2616 incognitarum
1367 2545 1510 2600 hand
1586 2550 1827 2604 multum
1898 2553 2187 2626 differunt,

503 2651 567 2693 vt
611 2637 802 2691 deinde
845 2651 913 2687 ex
956 2632 1333 2688 conuenientia
1381 2630 1469 2683 vel
1514 2629 1856 2704 discrepantia
1929 2655 2191 2694 numero-

503 2739 633 2778 rum
678 2720 1043 2775 absolutorum
1075 2757 1090 2784 ,
1148 2718 1212 2771 de
1256 2714 1578 2768 certitudine
1621 2732 1673 2771 et
1724 2722 2032 2788 praestantia
2085 2725 2190 2779 ob·-

504 2806 860 2864 seruationum
906 2803 1170 2861 iudicium
1215 2801 1347 2857 ferre
1395 2796 1566 2859 liceat.
1650 2803 1755 2860 Pro
1802 2806 1870 2861 iis
1916 2825 2047 2865 vero
2091 2825 2189 2862 ca·-

2055 2892 2190 2950 fibus
