2402 3329
152 1275 265 1326 Tab.
299 1277 394 1323 Vll,

184 1346 218 1393 F
220 1346 275 1408 ig.
309 1358 345 1400 3.

414 255 536 317 406
622 247 734 304 DE
774 244 1034 306 STATV
1077 241 1568 319 AEQVILIBRII
1606 241 1709 298 ET
1742 241 1962 300 MOTV

411 401 637 454 citatum
691 414 962 469 vrcunque
1010 410 1293 452 moueatur
1325 439 1339 465 ‚
1408 394 1667 468 principia
1711 409 1976 467 exponere
2036 407 2105 448 ex

414 485 597 556 quibus
645 485 786 540 hunc
835 501 1053 538 motum
1098 483 1321 537 definire
1370 483 1527 536 lice-at
1558 522 1572 548 ,
1630 482 1718 534 vbi
1771 481 1989 552 quidem
2034 478 2106 532 as-

413 572 683 624 sumimus
731 586 907 625 totum
962 583 1176 623 motum
1227 569 1434 639 semper
1483 569 1536 619 in
1581 567 1769 621 eodem
1815 565 1977 638 plano
2016 564 2107 618 ab·

415 652 596 725 solui,
639 659 695 711 in
740 674 843 730 quo
885 658 990 728 ipsa
1037 655 1119 710 fili
1166 654 1335 724 figura
1384 654 1642 706 versatur.

1029 775 1510 851 Solutia

622 901 876 956 XXXV.
925 902 1028 954 Hic
1078 903 1265 972 primo
1313 917 1530 956 motum
1571 901 1653 955 fili
1685 902 1740 955 in
1771 918 1961 972 genere
1984 917 2115 957 con-

421 977 632 1033 fiderari
680 984 974 1047 conuenit,
1039 998 1158 1035 ante
1205 999 1369 1050 quam
1419 987 1608 1035 necesse
1665 985 1728 1038 sit
1798 991 1942 1042 vires
2004 986 2113 1041 ele-

423 1076 687 1115 mentares
729 1066 919 1134 quibus
965 1065 1019 1116 in
1065 1065 1286 1133 singulis
1360 1067 1571 1135 puniris
1635 1069 1995 1137 sollicitatur,
2061 1073 2117 1124 in

420 1160 747 1216 computum
796 1150 1131 1205 introducere
1163 1193 1178 1219 ‚
1222 1151 1273 1204 id
1322 1154 1460 1221 quod
1503 1167 1634 1204 cum
1685 1152 1872 1222 insigni
1921 1153 2117 1209 calculi

421 1236 721 1288 commodo
771 1235 888 1289 fieri
937 1235 1063 1289 licet
1093 1276 1108 1301 ,
1158 1251 1222 1289 ne
1266 1237 1440 1290 statim
1494 1237 1555 1290 ab
1624 1237 1788 1292 initio
1860 1238 2120 1292 multitu-

423 1317 494 1370 do
561 1323 925 1389 quantitatum
993 1321 1159 1374 nimis
1222 1335 1489 1389 augeatur.
1622 1321 1921 1379 Constituta
1978 1336 2119 1379 certa

425 1407 686 1473 temporis
732 1404 933 1477 epocha
987 1423 1088 1477 qua
1134 1419 1357 1459 motum
1429 1405 1693 1461 inchoasse
1759 1411 2115 1478 assumimu8‚

422 1500 593 1543 teneat
642 1489 799 1543 filum
849 1493 1022 1562 elapso
1067 1505 1308 1562 tempore
1356 1509 1423 1545 :z
1455 1503 1479 1544 t
1525 1489 1687 1563 (quod
1755 1495 1808 1546 in
1892 1497 2121 1548 minutis

422 1575 660 1628 secundis
704 1578 939 1647 exprimi
989 1572 1277 1647 sumimus)
1323 1576 1482 1630 fitum
1545 1579 1595 1629 in
1666 1575 1839 1647 figura
1906 1595 2121 1650 reprae-

423 1661 689 1714 sentatum
764 1660 1031 1728 ΑΜΒ,
1112 1677 1281 1733 quem
1352 1668 1412 1717 ad
1479 1676 1684 1716 certum
1755 1678 1909 1716 axem
1983 1662 2119 1717 AD

422 1734 665 1796 aliumue
707 1745 802 1817 ipsi
854 1745 1172 1817 parallelum
1205 1749 1512 1813 referimu5‚
1542 1743 1818 1819 'quoniam
1845 1749 2006 1802 etiam
2035 1746 2120 1801 fili

424 1827 693 1897 punstum
723 1835 801 1896 A,
827 1846 985 1886 motu
1011 1847 1329 1903 quocunque
1353 1833 1475 1886 ferri
1505 1835 1668 1903 potest
1695 1875 1710 1900 ‚
1755 1835 1826 1886 ita
1872 1849 1932 1887 vt
1957 1835 2120 1887 etiam

427 1912 692 1982 punc'tum
744 1913 823 1968 fili
868 1918 955 1983 A,
1004 1933 1108 1970 non
1153 1919 1388 1987 amplius
1438 1936 1534 1988 pro
1584 1921 1743 1972 initio
1788 1920 2120 1972 abscissurum

431 1993 615 2051 haberi
660 2003 819 2055 debet.
909 1999 1150 2053 Vocetur
1194 2002 1276 2056 fili
1308 2004 1486 2069 portio
1509 2019 1858 2072 quaecunque
1889 2004 2122 2058 AM:s

429 2077 514 2151 (vt
558 2096 709 2149 ante,
752 2084 855 2136 hoc
904 2096 1114 2135 tantum
1160 2086 1500 2147 discrimine,
1542 2088 1682 2152 quod
1731 2103 1872 2141 nunc
1920 2091 1970 2142 A
2019 2104 2125 2140 non

427 2164 662 2233 amplius
706 2167 768 2220 fit
815 2170 1074 2236 punstum
1124 2165 1326 2238 fixum)
1371 2180 1424 2223 et
1470 2168 1626 2223 dusta
1675 2180 1920 2236 tangente
1967 2169 2129 2238 MT,

427 2264 649 2305 vocetur
714 2254 1025 2307 etiamnunc
1095 2267 1157 2306 vt
1222 2266 1342 2307 ante
1419 2253 1648 2321 angulus
1714 2249 2127 2326 ΧΜΤΞΦ

428 2346 586 2404 atque
653 2355 796 2391 nunc
868 2337 1205 2393 manifestum
1274 2340 1346 2392 est
1414 2339 1557 2391 hunc
1601 2340 1862 2403 angulum
1912 2331 1967 2407 Φ
2014 2358 2123 2395 non

431 2421 669 2492 amplius
722 2437 996 2493 tamquam
1048 2425 1380 2479 funetionem
1428 2437 1575 2476 arcus
1621 2439 1647 2475 s
1693 2423 1910 2492 speclari
1961 2426 2123 2498 posse,

433 2506 696 2573 quoniam
741 2510 912 2562 eidem
962 2510 1110 2562 arcui
1155 2512 1204 2562 A
1237 2509 1293 2563 M
1320 2526 1388 2561 z
1415 2524 1469 2573 s,
1512 2506 1730 2559 diuersis
1777 2513 2126 2580 tempor·ibu5‚

436 2588 626 2644 diuerfi
673 2594 856 2661 anguli
905 2587 960 2663 Φ
1005 2595 1376 2657 conueniunt,
1451 2592 1531 2645 sed
1581 2594 1758 2662 potius
1803 2596 2024 2662 angulus
2069 2593 2125 2667 Φ

436 2683 538 2746 pro
584 2678 852 2733 fuuc'tione
899 2681 1132 2731 duarum
1184 2676 1525 2730 variabilium
1574 2693 1600 2729 s
1641 2691 1695 2732 et
1740 2689 1761 2731 t
1810 2677 1986 2735 haberi
2033 2684 2124 2736 de-

436 2760 575 2813 bebit
607 2801 621 2825 ‚
688 2779 797 2831 quo
844 2764 954 2833 ipso
1001 2762 1125 2816 haec
1171 2761 1508 2833 inuestigutio
1554 2762 1616 2814 ad
1660 2780 1774 2817 eum
1825 2766 1966 2836 quasi
2015 2785 2124 2822 no-

439 2861 567 2899 vam
613 2843 907 2916 Analyseos
956 2859 1171 2919 partem
1217 2846 1419 2918 inqua
1462 2847 1523 2901 de
1568 2849 1926 2906 func‘tionibus
1994 2853 2123 2906 dua-

1993 2949 2120 2990 rum
