2402 3329
296 193 298 195 ’
365 180 570 243 SOLIS
615 183 689 237 A.
738 184 915 247 1769.
966 175 1651 241 DETERMINATAE.
1738 195 1858 257 641

189 332 422 392 Parifino
465 334 563 388 effe
604 331 815 388 clrciter
857 321 937 387 ,1b.
970 325 1076 396 27‘.
1108 328 1203 399 3¹¹,
1267 345 1399 402 quae
1464 338 1671 405 egregie
1733 355 1864 396 con-

117 467 122 472 .
186 419 335 477 venit
375 416 500 473 cum
545 436 604 473 ea
631 459 645 488 ,
690 433 847 489 quam
896 416 1051 489 supra
1095 416 1423 472 inuenimuS.

390 604 485 653 32.
530 588 795 661 Quamuis
841 586 1021 656 itaque
1065 586 1538 641 determinationes
1600 586 1866 659 Longitu-

184 674 374 728 dinum
419 689 449 727 a
493 676 640 727 nobis
689 674 852 726 modo
895 670 1109 741 allatae,
1156 672 1228 727 ita
1275 672 1374 728 effe
1416 674 1670 728 videntur
1716 692 1866 730 com-

182 770 390 831 paratae
418 797 433 825 ,
505 771 567 813 vt
633 759 695 813 ad
745 758 1032 810 veritatem
1075 772 1238 830 quam
1279 757 1534 829 proxime
1576 762 1823 816 accedant
1851 800 1868 827 ‚

185 843 327 897 haud
370 856 550 896 tamen
601 858 791 914 negare
836 841 1136 909 volumus,
1182 843 1349 896 etiam
1394 857 1476 896 eas
1506 882 1523 908 ,
1587 862 1719 915 quae
1768 860 1868 899 ex-

186 927 464 982 actissimae
508 928 654 981 nobis
695 929 952 980 videntur
990 926 1382 978 corredtionem
1461 924 1522 988 5¹¹
1583 931 1868 984 admittere

98 1039 100 1041 >
184 1004 380 1083 poffe,“
435 1011 714 1082 imprimis
777 1023 949 1079 quum
1022 1007 1076 1062 in
1137 1009 1557 1063 determinandis
1597 1014 1868 1068 valoribus

188 1095 591 1151 correctionum
637 1089 695 1162 ὃ,
718 1110 763 1159 y
804 1106 858 1146 et
910 1109 949 1147 π
993 1095 1239 1162 rigorem
1285 1091 1695 1151 Geometricum
1724 1100 1866 1171 sequi

186 1198 296 1235 non
356 1179 524 1235 liceat.
636 1180 752 1233 Hoc
820 1190 998 1231 tamen
1067 1193 1170 1246 pro
1212 1189 1359 1232 certo
1402 1180 1671 1237 affirmare
1714 1189 1869 1237 aude-

189 1280 313 1319 mus
344 1304 360 1331 ,
423 1264 591 1317 etiam
659 1260 911 1330 neglectis
955 1262 1369 1316 corredtionibus
1413 1259 1448 1316 δ
1492 1280 1548 1320 et
1597 1286 1669 1335 π,
1716 1267 1869 1323 Lati-

188 1348 392 1403 tudinis
435 1346 823 1402 corredtionem
867 1359 1007 1401 certe
1052 1346 1219 1418 duplo
1261 1350 1375 1403 fore
1435 1351 1697 1406 maiorem
1764 1369 1822 1406 ea
1850 1393 1867 1421 ,

187 1450 353 1505 quam
399 1434 530 1488 Rev.
575 1426 633 1487 P.
679 1429 806 1486 Hell
840 1430 1120 1486 inuenerat
1149 1473 1164 1499 ‚
1233 1450 1404 1505 quum
1452 1446 1628 1489 tamen
1672 1436 1710 1489 fi
1772 1453 1867 1491 nos

187 1520 300 1572 eius
345 1516 684 1572 ratiocinandi
743 1518 969 1570 modum
1038 1518 1198 1572 secuti
1264 1519 1576 1590 fuiffemu5‚
1639 1522 1867 1576 eandem

132 1635 135 1638 -
185 1603 275 1658 vel
319 1601 495 1657 saltem
538 1617 644 1656 non
689 1599 933 1657 multum
971 1601 1237 1658 diuersam
1281 1620 1311 1660 a
1348 1605 1438 1660 sua
1479 1606 1867 1662 corree'tioncm

144 1734 151 1737 ,
186 1686 510 1759 Latitudinis
560 1686 955 1741 inueniss‘emus.
1294 1708 1301 1713 ·

386 1871 481 1921 33.
524 1856 771 1930 Denique
813 1857 957 1914 haud
997 1857 1336 1930 superfluum
1382 1858 1489 1912 erit
1521 1899 1536 1926 ,
1589 1860 1653 1911 de
1699 1859 1867 1928 gradu

187 1941 554 2010 certitudinis,
595 1959 759 2015 quem
806 1944 1189 1996 obseruationes
1232 1940 1537 2010 Eclipfium
1583 1942 1720 1997 Solis
1764 1945 1869 1996 cir-

187 2042 247 2079 ca
308 2025 725 2081 determinandas
796 2023 1186 2092 Longitudines
1256 2022 1500 2078 locorum
1551 2026 1640 2080 fibi
1686 2025 1868 2080 vindi-

190 2121 309 2163 cant
335 2148 352 2176 ,
411 2107 967 2179 quaedam-adiicere.
1104 2108 1179 2161 Vt
1227 2120 1405 2162 autem
1447 2110 1687 2165 distincte
1731 2126 1868 2180 aga-

194 2207 313 2248 mus
340 2233 355 2261 ‚
420 2193 477 2246 in
522 2208 712 2263 genere
753 2192 1024 2246 obseruare
1064 2190 1194 2246 -licet
1221 2233 1237 2261 ‚
1302 2208 1526 2249 omnem
1583 2196 1867 2250 incertitu-

191 2280 371 2333 dinem
402 2315 418 2342 ‚
485 2294 584 2348 qua
638 2274 1003 2333 conclufiones
1047 2275 1171 2333 hinc
1217 2280 1469 2335 deductae
1510 2280 1825 2335 afficiuntur
1852 2323 1870 2351 ‚

193 2378 260 2417 ex
301 2361 503 2431 duplici
548 2377 862 2433 promanare
934 2366 1120 2431 fonte,
1188 2364 1385 2419 scilicet
1451 2364 1543 2419 vel
1607 2380 1674 2418 ex
1743 2367 1869 2439 ipsis

192 2449 459 2501 erroribus
497 2447 918 2502 obseruationum
949 2491 964 2518 ,
1009 2448 1101 2503 vel
1142 2465 1210 2503 ex
1254 2449 1459 2505 defedtu
1505 2448 1772 2504 Theoriae
1815 2462 1869 2504 et

193 2532 407 2586 calculi..
519 2531 648 2586 Non
693 2533 907 2604 quidem
954 2534 1255 2589 diffitemur
1298 2535 1680 2591 obseruationes
1721 2535 1869 2608 initii

192 2617 402 2689 eclipsis
442 2617 701 2671 erroribus
743 2607 804 2672 ad
854 2615 958 2673 10¹¹
1000 2630 1055 2673 et
1100 2617 1267 2674 vltra
1333 2615 1706 2689 assurgentibus
1772 2619 1873 2673 effe

94 2744 108 2754 c
196 2702 336 2771 poffe
400 2701 690 2766 obnoxias,
754 2703 920 2759 finem
990 2718 1173 2760 autem
1246 2705 1308 2759 ad
1374 2705 1749 2777 praecisionem
1804 2698 1868 2768 su

194 2786 539 2840 secundorum
581 2791 848 2845 obieruari
890 2790 1030 2862 posse
1063 2830 1079 2861 ,
1142 2805 1326 2845 omnes
1372 2791 1520 2846 nobis
1573 2791 1872 2862 largientur

279 2871 330 2926 T
332 2869 975 2932 om.XV‚Nou.Comm.
1105 2875 1173 2934 M
1201 2893 1254 2931 m
1286 2891 1345 2931 m
1376 2892 1435 2931 m
1688 2874 1870 2932 Astro-
