2402 3329
459 222 550 280 IN
613 215 1075 278 *SVPERFICIE
1146 219 1588 284 SPHAERICA.
1739 243 1854 297 207

574 387 598 421 1
635 398 687 407 -υ
710 374 803 426 cos
830 391 855 426 s
885 397 1018 452 “a
1049 375 1142 429 sin.
1169 365 1219 435 {²-

590 473 754 543 Tang.
785 489 813 525 c·
886 470 954 481 ’““
984 474 1150 543 Tang.
1187 491 1213 528 c

225 406 540 482 -BMz

178 590 313 645 Hinc
378 588 546 659 igitur
611 606 754 665 patet
809 595 939 650 dum
997 597 1158 651 initio
1202 612 1310 666 quo
1353 613 1470 651 s:
1500 615 1558 662 ο,
1603 595 1667 651 fit
1712 610 1863 652 arcus

176 675 222 731 B
253 675 402 732 M:
433 696 486 744 ο,
531 677 707 734 sumto
751 697 876 736 arcu
925 680 969 735 C
998 681 1050 734 O
1095 682 1378 752 quadranti
1423 679 1617 734 circuli
1687 682 1862 735 maxi-

172 763 250 815 mi
295 760 520 829 ·1equali‚
567 763 639 816 it1
685 778 746 820 vt
792 766 932 821 ΟΜ
981 767 1074 820 fiat
1119 767 1396 836 quadrans,
1443 778 1561 818 tum
1615 766 1726 819 fore
1772 782 1861 819 ar-

170 844 294 902 cum
361 845 409 902 B
440 848 592 903 M:
620 898 734 942 mg.
749 907 764 931 c
793 892 807 920 ‚
869 868 929 905 ac
1001 849 1038 904 fi
1082 865 1233 905 arcus
1275 846 1400 904 CO
1445 866 1509 904 eo
1554 865 1719 921 vsque
1765 865 1861 903 au-

171 959 404 1016 geatur,
470 960 529 1000 vt
572 947 1038 1022 semiperipheriae
1079 949 1271 1005 circuli
1340 945 1569 1001 maximi
1633 948 1861 1018 aequalis

170 1030 296 1099 fiat,
341 1048 448 1101 quo
478 1033 604 1085 ¹casu
651 1048 795 1084 arcus
842 1034 893 1085 O
924 1033 985 1086 M
1030 1034 1140 1085 abit
1187 1035 1240 1084 in
1282 1024 1705 1099 semicirculum,
1736 1044 1856 1085 tum

170 1116 283 1169 fore
323 1130 509 1168 arcum
555 1115 601 1169 B
630 1114 693 1168 M
718 1130 789 1165 Ξ
818 1164 937 1205 Tang-
963 1170 980 1196 c
1006 1156 1020 1184 ,
1087 1115 1176 1170 vbi
1224 1113 1398 1170 vnitas
1443 1112 1699 1169 definitur
1763 1132 1857 1190 per

173 1212 355 1286 ipsum
397 1214 608 1269 radium
655 1211 928 1284 Sphaerae.

360 1377 545 1434 'XXL
587 1372 672 1429 En
746 1391 876 1445 ergo
947 1372 1254 1446 simplicem
1332 1372 1566 1445 prosesto
1635 1375 1860 1432 solutio·

169 1477 295 1517 nem
340 1461 681 1534 problematis
726 1459 1032 1534 propositi,
1095 1475 1228 1530 quae
1275 1460 1493 1528 quidem
1545 1473 1605 1513 vt
1651 1463 1860 1529 exami-

167 1547 315 1602 nanti
360 1545 510 1601 facile
558 1547 752 1618 patebit
799 1547 1012 1618 prorsus
1056 1544 1309 1599 conuenit
1350 1559 1478 1598 cum
1526 1559 1583 1597 ea
1610 1586 1626 1613 ‚
1688 1559 1856 1617 quam

163 1644 289 1687 ante
332 1647 429 1703 per
474 1630 653 1705 plures
696 1631 938 1702 ambages
987 1634 1170 1685 sumus
1212 1628 1434 1700 adepti;
1483 1629 1561 1682 sed
1607 1629 1696 1684 hic
1742 1633 1858 1692 eius

165 1715 393 1787 infignes
443 1718 787 1792 proprietates
845 1716 1022 1771 multo
1064 1714 1282 1791 *clarius
1361 1712 1570 1767 elucent
1601 1755 1617 1784 ‚
1687 1731 1856 1786 quam

165 1813 315 1856 antea
359 1808 427 1856 ex'
472 1804 731 1859 intricatis
774 1801 884 1858 illis
928 1799 1180 1858 formulis
1227 1799 1538 1879 cognoscere
1611 1799 1854 1856 licuisset.

164 1886 303 1963 Quia
345 1890 491 1944 enim
541 1889 825 1946 sumsimus
869 1905 1039 1944 ν-ῑσ
1087 1886 1261 1942 statim
1309 1895 1529 1956 apparet
1571 1884 1855 1941 euolutam

163 1988 360 2031 curu-ae
400 1975 603 2030 ‘nostrae
650 1976 696 2031 B
729 1977 790 2031 Μ
836 1974 945 2031 effi?
979 1971 1248 2030 circulum
1318 1971 1594 2024 minorem
1623 2015 1638 2042 ,
1703 1973 1854 2027 cuius

166 2057 341 2110 radius
385 2055 565 2113 fit,-
495 2078 564 2086 -
593 2059 687 2112 fin
715 2075 770 2122 c,
808 2070 1078 2129 praeterea
1123 2071 1257 2110 vero
1306 2066 1368 2107 vt
1415 2054 1641 2109 cuilibet
1693 2055 1855 2109 huius

164 2137 359 2192 circuli
407 2140 633 2191 minoris
675 2137 819 2187 arcui
848 2175 864 2203 ‚
925 2135 1143 2191 CO-
1077 2176 1146 2189 ...-
1172 2154 1199 2189 s
1249 2150 1403 2188 arcus
1446 2139 1635 2190 circuli
1679 2139 1855 2193 maxi-

168 2221 251 2273 mi
293 2218 521 2291 aequalis
566 2219 636 2275 M
667 2218 813 2273 O...
744 2238 812 2246 -·
838 2236 898 2285 s,
940 2219 1267 2287 geometrice
1317 2219 1458 2273 sumi
1508 2220 1662 2289 poffit
1693 2262 1708 2289 ‚
1756 2240 1854 2279 ne-

165 2303 290 2362 cesse
332 2305 441 2370 est,
513 2315 575 2358 vt
614 2304 786 2358 radius
858 2303 1001 2357 istius
1065 2301 1256 2358 circuli
1329 2303 1553 2358 minoris
1590 2304 1688 2361 sin
1714 2322 1743 2359 c
1787 2309 1864 2365 ad*

167 2387 376 2442 radium
423 2386 678 2461 Sphaerae
723 2387 987 2442 rationem
1036 2401 1207 2442 teneat
1275 2386 1596 2441 ration11e1n
1629 2432 1644 2458 ‚
1714 2406 1849 2462 quae

165 2472 238 2528 est
282 2474 459 2528 eadem
502 2474 783 2543 conditio,
825 2489 988 2545 quam
1034 2474 1196 2527 etiam
1240 2471 1395 2544 supra
1439 2474 1763 2531 inuenimuS.

367 2648 561 2707 XXII.
636 2649 910 2724 Quoniam
967 2644 1206 2704 infinitos
1255 2645 1563 2703 huiusmodi
1618 2640 1848 2706 circulos

167 2734 400 2790 minores
447 2736 499 2789 in
545 2734 777 2805 Sphaera
821 2734 1097 2804 desig—nare
1158 2736 1334 2799 licet,
1394 2749 1635 2805 quorum
1707 2736 1847 2791 radii

164 2821 226 2873 ad
291 2820 505 2876 radium
566 2819 824 2894 Sphaerae
888 2821 1154 2885 rationem
1213 2819 1436 2876 habeant
1482 2819 1796 2876 rationalem
1832 2859 1851 2897 2

1661 2917 1844 2960 reuera
