2402 3329
516 266 593 310 ιο
897 248 1011 309 DE
1075 246 1464 311 MENSVRA
1531 244 1796 313 SORTIS

504 403 684 475 itaque
739 402 817 459 rei
869 406 1104 463 curiosus
1168 403 1405 462 tabulam
1473 404 1721 464 consului
1796 404 2193 462 Londinensem

500 492 657 561 supra
699 491 919 547 citatam
946 533 964 560 ,
1029 508 1192 564 quam
1237 491 1471 547 recenset
1513 492 1594 549 Cl.
1636 489 1894 545 Susmilch
1941 494 1998 545 in
2045 501 2198 564 parte

499 576 724 631 secunda
766 577 974 644 egregii
1016 577 1196 647 operis
1236 577 1312 628 sui
1341 614 1358 640 ‚
1407 576 1494 628 cui
1541 578 1596 627 in
1648 572 1757 625 fine
1804 575 2035 628 adiectae
2077 577 2198 628 sunt

502 656 776 732 plurimae
822 659 1202 714 huiuscemodi
1251 655 1492 712 tabulae:
1536 654 1790 729 inquifiui
1835 673 2036 712 annos:
2107 658 2198 712 vbi

505 758 768 798 numerus
814 732 1128 817 puellorum
1177 744 1418 797 maxime
1465 746 1739 816 superaret
1784 744 2030 814 puellas3
2079 759 2198 796 me-

506 827 791 884 morabiles
834 828 973 884 mihi
1017 829 1118 884 visi
1162 831 1282 884 sunt
1326 844 1494 884 annus
1559 832 1716 894 1676
1749 869 1765 895 ,
1808 845 1918 899 quo
1963 827 2074 882 nati
2119 829 2197 883 di-

502 926 705 966 cuntur
747 927 842 970 aut
886 916 1065 987 potius
1129 914 1383 985 baptizati
1427 919 1597 980 6552
1654 915 1870 987 pueruli
1927 927 1982 968 et
2029 920 2193 978 5847

503 997 711 1052 filiolae
739 1041 756 1068 ,
799 1001 917 1053 dein
977 1017 1021 1056 a.
1076 1005 1233 1067 1698
1263 1041 1278 1066 ,
1322 1015 1433 1068 quo
1483 1004 1644 1064 8426
1694 998 1910 1053 masculi
1948 1011 2000 1051 et
2029 1003 2197 1062 7626

504 1082 749 1149 filiolae5
798 1084 1056 1151 ‘denique
1107 1099 1151 1138 a.
1206 1095 1361 1146 1717
1393 1122 1407 1147 ,
1477 1100 1586 1151 quo
1633 1085 1959 1144 ⁴indicantur
2028 1088 2196 1148 9630

501 1165 725 1220 masculi
771 1177 824 1218 et
875 1173 1030 1230 8845
1081 1164 1302 1218 alterius
1341 1168 1506 1220 sexus,
1592 1163 1972 1221 Demonstraui
2015 1181 2198 1221 autem

498 1251 823 1305 differentias
865 1250 979 1305 inte
1024 1264 1325 1319 Vtrumque
1381 1250 1569 1302 sexum
1646 1252 1929 1305 mutandas
1997 1250 2095 1305 esse
2140 1252 2198 1305 in

499 1337 708 1391 ratione
755 1335 1121 1407 subduplicata
1171 1348 1532 1387 numerorum
1584 1354 1615 1388 2
1647 1332 1700 1386 N
1753 1348 1816 1388 vt
1885 1339 2068 1388 eadem
2117 1353 2198 1392 re-

501 1422 738 1475 tineatur
783 1417 1163 1491 probabilitas:
1211 1417 1310 1472 hac
1353 1418 1531 1485 igitur
1574 1415 1805 1472 adhibita
1863 1419 2198 1474 correctione

501 1508 687 1568 inueni
757 1505 977 1559 nullum
1039 1502 1138 1557 effe
1204 1519 1274 1557 ex
1331 1502 1500 1555 tribus
1545 1502 2021 1572 annisallegatis,
2098 1506 2196 1575 qui

502 1591 697 1646 maiori
741 1579 1040 1646 attentione
1083 1589 1278 1658 dignus
1322 1586 1429 1655 fit,
1496 1602 1660 1660 quam
1711 1586 1749 1641 fi
1819 1604 1918 1658 pro
1991 1605 2192 1645 20000

500 1677 637 1730 natis
700 1675 921 1732 excessus
991 1690 1294 1747 puerorum
1362 1674 1518 1742 supra
1586 1673 1785 1745 puellas
1854 1675 2016 1728 fuerit
2060 1690 2191 1746 pro·

497 1762 797 1832 pemodum
867 1776 1034 1829 900,
1103 1762 1196 1833 qui
1267 1757 1494 1815 excessus
1539 1760 1787 1814 multum
1857 1757 2033 1816 adhuc
2105 1761 2192 1814 de-

500 1845 617 1904 ficit
661 1847 722 1900 ab
773 1854 943 1902 1128.

699 1933 963 1987 Attamen
1010 1948 1117 1987 non
1164 1930 1645 1988 reticeboannum
1702 1943 1859 2001 1749
1906 1947 2031 2002 prae
2075 1945 2197 1984 om-

500 2014 654 2091 nibus
707 2018 925 2073 caeteris
992 2014 1154 2087 longe
1222 2016 1466 2072 maxime
1531 2033 1760 2084 rarum,
1822 2031 1933 2085 quo
1999 2014 2195 2070 scilicet

502 2097 753 2172 baptizati
801 2104 1055 2157 dicuntur
1104 2110 1265 2169 7288
1326 2101 1545 2173 pueruli
1609 2119 1666 2155 ac
1739 2113 1954 2154 tantum
2024 2105 2192 2162 6172

502 2182 745 2262 filiolae:
793 2186 1047 2243 habemus
1089 2186 1179 2242 hic
1222 2187 1494 2242 excessu-m
1540 2200 1844 2256 puerorum
1889 2205 1959 2240 τ.-
1993 2190 2149 2238 1116
2177 2227 2197 2255 ,

499 2272 643 2325 dum'
680 2274 890 2326 summa
936 2286 1189 2327 natorum
1260 2271 1450 2343 saltem
1504 2271 1603 2323 fuit
1666 2290 1737 2324 z:
1774 2277 2017 2335 13460:
2061 2286 2198 2338 ergo

501 2357 765 2428 praefatus
808 2356 1037 2410 excessus
1112 2360 1271 2408 1116
1340 2353 1614 2420 augendus
1683 2355 1806 2404 erit,
1853 2353 1908 2403 in
1978 2355 2189 2405 ratione

499 2439 863 2511 subdu-plicata
931 2453 1290 2493 numerorum
1366 2441 1566 2501 13460
1635 2435 1698 2489 ad
1774 2447 2023 2502 20000,
2088 2452 2189 2505 qua

501 2526 630 2580 faeta
677 2525 991 2580 reduetion'e
1036 2526 1295 2595 praefatus
1337 2523 1571 2576 excessus
1625 2534 1870 2574 mutatur
1914 2522 1967 2573 in
2003 2527 2152 2583 1361
2172 2539 2196 2576 ⁰..

500 2612 609 2665 iam
663 2626 793 2665 vero
836 2609 1064 2664 excessus
1111 2610 1200 2664 iste
1260 2607 1566 2660 notabiliter
1640 2608 1848 2674 superat
1913 2606 2185 2660 excessum

507 2703 689 2759 1128,
735 2712 898 2765 quem
947 2711 1051 2747 non
1098 2694 1206 2747 fine
1251 2691 1459 2746 ratione
1504 2691 1879 2762 supposuimus
1943 2691 1998 2742 in
2071 2689 2189 2744 lon-

503 2780 708 2848 glffirna
757 2784 883 2835 serie
925 2777 1167 2850 plurium
1221 2776 1466 2831 millium
1525 2791 1799 2830 annorum
1868 2777 1968 2831 vix
2027 2772 2191 2830 semel*

503 2878 876 2934 euenturum5
920 2865 1090 2933 igitur
1136 2862 1277 2922 mihi
1324 2862 1604 2936 persuadeo
1648 2878 1895 2917 errorem
1926 2857 2192 2931 irrepfifl‘e

2125 2961 2183 2999 m
