2402 3329
771 247 924 312 ωὲωἰέ
968 242 988 307 (
1037 264 1072 302 0
1115 240 1133 318 )
1179 243 1330 311 &⁶:03ss
1811 262 1888 313 43

216 412 387 467 gnum
433 392 639 449 virium
667 394 898 448 ·suarum
942 407 1301 464 augmentum
1348 394 1724 450 nanciscantur.
1812 395 1897 449 Sic

219 482 498 553 pectoralis
546 481 715 533 maior
745 522 758 548 ,
831 484 920 551 qui
967 485 1022 533 in
1072 480 1294 535 homine
1337 497 1503 554 prope
1547 479 1896 552 hypomoch-

216 567 329 620 lion
372 567 460 619 olii
515 564 726 618 humeri
776 566 1027 619 inseritur
1057 606 1070 630 ‚
1138 567 1314 637 ibique
1359 565 1591 636 spatium
1662 567 1897 619 duorum

213 652 309 705 vix
360 651 627 721 pollicum
674 666 945 721 occupat,
1020 651 1082 703 ad
1124 651 1529 705 extremitatem
1589 651 1898 703 inferiorem

214 735 373 789 huius
418 736 536 788 offis
581 750 743 803 Vsque
793 734 945 804 plane
989 736 1219 787 decurrit
1267 738 1367 788 suis
1412 735 1556 787 fibris
1603 735 1657 788 in
1706 736 1899 803 leone,

217 833 504 889 totumque
548 834 607 873 os
651 818 868 873 humeri
915 820 1200 873 lecundum
1248 817 1644 886 longitudinem
1715 832 1854 873 tenet
1884 860 1899 888 ,

219 908 357 959 vnde
402 905 604 972 insigne
648 905 857 957 virium
905 917 1262 972 augmentum
1310 902 1435 958 huic
1512 903 1755 957 musculo
1818 921 1901 958 re·

215 991 410 1046 sultare
441 1032 454 1056 ‚
519 987 670 1042 facile
718 989 1065 1058 intelligitur.
1194 988 1311 1043 Alii
1351 1003 1413 1043 vt
1455 990 1589 1042 alter
1633 989 1902 1042 flexorum

219 1077 385 1131 cubiti
433 1076 494 1127 ad
539 1074 802 1140 angulum
846 1074 1005 1141 longe
1057 1074 1318 1126 maiorem
1350 1115 1364 1140 ‚
1410 1090 1570 1144 quam
1618 1076 1669 1126 in
1719 1074 1904 1128 homi-

221 1178 286 1214 ne
316 1200 330 1225 ‚
368 1158 552 1212 offibus
599 1159 700 1210 suis
748 1158 1097 1224 inseruntur3
1171 1155 1239 1219 ali
1284 1154 1400 1210 aliis
1445 1158 1785 1212 adminiculis
1837 1161 1902 1215 ad

221 1246 364 1298 vires
404 1242 660 1308 augendas
706 1241 759 1291 in
806 1241 969 1292 modo
1007 1239 1311 1292 insertionis
1354 1241 1585 1307 gaudent
1614 1279 1628 1307 ‚
1693 1244 1774 1294 vti
1847 1245 1905 1296 in

222 1326 573 1381 differ-tatione
615 1323 719 1392 ipsa
763 1323 828 1375 de
873 1320 1094 1390 singulis
1143 1321 1397 1375 musculis
1438 1323 1524 1377 sub
1573 1326 1779 1378 rubrica
1845 1327 1905 1380 cle

219 1409 304 1481 vsu
346 1406 596 1460 eorundem
640 1407 746 1473 legi
790 1408 971 1479 potest.
1087 1408 1344 1478 Adeoque
1390 1425 1492 1463 non
1546 1411 1711 1463 modo
1764 1413 1904 1467 vali-

218 1493 372 1546 ditati
421 1488 792 1545 musculorum
834 1496 915 1549 sed
960 1491 1123 1547 etiam
1171 1492 1422 1562 singulari
1467 1494 1687 1548 fabricae
1733 1497 1903 1552 ratio-

218 1578 276 1632 ni
319 1575 402 1630 leo
441 1580 549 1629 suas
600 1578 737 1631 vires
779 1579 943 1632 debet.
1047 1577 1146 1632 Sed
1185 1577 1284 1632 alia
1326 1579 1409 1633 est.
1443 1579 1499 1632 in
1540 1579 1637 1634 hac
1682 1596 1739 1632 re
1781 1585 1900 1636 Au·-

220 1662 380 1718 ‹storis
425 1661 719 1715 obseruatio
745 1705 759 1733 ,
823 1678 953 1734 quae
995 1660 1234 1733 palmam
1277 1664 1444 1735 priori
1488 1666 1624 1721 forte
1694 1668 1899 1737 praeri-

218 1748 320 1819 pit.
408 1745 650 1800 Nullum
695 1750 749 1801 in
791 1744 942 1802 leone
985 1749 1301 1820 exemplum
1346 1749 1634 1803 structurae
1691 1751 1902 1806 inueni-

218 1846 310 1888 tur
340 1875 354 1903 ,
397 1848 496 1903 qua
544 1832 738 1887 scilicet
779 1836 924 1888 vires
965 1834 1336 1888 musculorum
1386 1846 1730 1904 augerentur,
1770 1853 1902 1907 quae

218 1935 324 1972 ·non
369 1915 532 1971 simul
577 1919 904 1973 detrimento
946 1918 1070 1972 effet
1113 1918 1204 1974 vel
1248 1919 1496 1975 varietati
1542 1920 1630 1974 ·vel
1673 1921 1903 1993 plenitu*

216 2003 329 2056 dini
371 2015 424 2056 et
469 2003 779 2072 perfectioni
826 2018 1080 2059 motuum
1127 2005 1248 2059 inde
1310 2005 1672 2076 pendentium.
1802 2007 1902 2061 Vti

219 2084 393 2156 igitur
459 2085 581 2139 solis
647 2089 854 2141 viribus
918 2090 1080 2158 inde,
1149 2091 1317 2161 iisque
1383 2091 1513 2143 adeo
1578 2089 1800 2145 sollicite
1844 2103 1899 2146 et

220 2171 352 2221 adeo
393 2170 685 2223 constanter
728 2173 1064 2240 prospectum
1111 2174 1211 2227 effe
1254 2175 1497 2226 videmus
1540 2174 1596 2226 in
1642 2173 1744 2228 hoc
1789 2175 1901 2229 ani-

223 2252 400 2320 mali,
448 2265 509 2325 vt
557 2255 717 2307 etiam
763 2269 890 2306 cum
938 2254 1136 2309 iaetura
1180 2254 1417 2310 aliorum
1475 2269 1732 2312 motuum
1763 2299 1779 2325 ,
1845 2272 1902 2314 et

220 2351 347 2389 cum
412 2337 693 2404 ipsorum,
759 2338 946 2406 quibus
1016 2339 1159 2391 vires
1225 2351 1542 2408 augentur,
1606 2341 1899 2399 imminuta

222 2418 590 2486 magnitudine
635 2419 736 2475 hoc
776 2421 980 2475 factum
1024 2420 1127 2490 fit3
1191 2422 1265 2477 ita
1308 2435 1491 2480 contra
1557 2425 1612 2478 in
1676 2423 1900 2485 homine

224 2503 392 2557 solam
440 2516 693 2559 motuum
720 2507 1037 2561 varietatem
1080 2521 1379 2581 eorumque
1427 2508 1818 2580 plenitudinem
1844 2525 1899 2568 et

224 2587 600 2658 perfectionem
624 2592 873 2647 omnibus
900 2592 1074 2646 modis
1097 2603 1149 2645 et
1176 2607 1301 2647 cum
1330 2593 1574 2650 maximo
1606 2595 1767 2651 etiam
1793 2598 1899 2653 dis-

227 2673 418 2742 pendio
459 2677 662 2730 virium
690 2717 705 2744 ,
773 2675 814 2730 fi
860 2676 1018 2731 aliter
1061 2676 1180 2732 fieri
1233 2694 1340 2732 non
1409 2681 1587 2750 potuit
1616 2719 1632 2747 ,
1695 2679 1897 2738 cultam

225 2768 383 2826 atque
423 2772 657 2814 curatam
701 2760 798 2816 effe
837 2763 1223 2832 cognoscimus.
1327 2762 1597 2835 Exempla
1640 2762 1778 2835 legas
1841 2769 1900 2822 in

228 2840 485 2915 peetorali
528 2845 813 2920 musculo,
875 2863 994 2922 pag.
1047 2863 1184 2920 519.
1228 2848 1323 2920 seq.
1370 2847 1427 2905 in
1484 2849 1716 2908 erectore
1782 2859 1900 2907 cer-

1058 2932 1092 2985 f
1118 2951 1152 2988 2
1768 2936 1905 2994 vicis
