2402 3329
543 227 620 287 48
634 226 661 274 8
912 198 1515 268 DESCRIPTIONES
1562 197 1844 258 AV1VM.

541 370 666 424 bido
732 363 1042 418 fimbriatae.
1156 359 1410 427 Remiges
1456 355 1695 409 minores
1738 347 2038 406 testricibus
2092 361 2226 401 con·

545 453 761 507 colores.
868 449 1045 519 Canda
1089 461 1276 517 parum
1326 442 1584 509 forcipata
1638 453 1708 487 12
1757 437 1992 489 constant
2032 434 2226 488 restri-

544 538 687 592 cibus
716 577 730 603 ‚
780 551 907 605 quae
953 532 1244 599 remigibus
1285 519 1591 579 *concolores
1631 517 1756 574 ‘sunt
1784 562 1798 588 ,
1841 519 2076 590 exceptis
2102 517 2229 571 dua-

542 608 638 676 bus
684 622 933 690 Vtrimque
977 617 1203 670 exiin'ais
1230 656 1244 674 ,
1289 628 1420 680 quae
1462 627 1488 661 a
1539 609 1717 661 medio
1762 607 1820 658 ad
1866 606 2074 674 apicem
2118 598 2227 677 {per

544 706 817 761 vexillum
869 705 1143 756 internum
1191 697 1366 759 albae,
1446 696 1501 747 in
1549 689 1759 746 vexillo
1803 704 2026 742 externo
2096 703 2231 742 vero

548 809 576 846 a
617 791 719 846 basi
766 789 826 841 ad
876 787 1115 840 medinm
1160 783 1279 837 albo
1323 778 1641 832 fimbriatae.
1774 775 2030 830 Rostrum
2076 785 2232 842 atque

549 878 702 947 pedes
769 874 972 927 sordide
1036 868 1180 933 albi,
1248 877 1450 931 vngues
1496 862 1825 928 nigris-antes,
1920 860 2042 913 Mas
2103 857 2232 914 Tab.

549 958 738 1010 XXV.
790 953 906 1018 Fig.
961 966 1012 1001 2.
1299 963 1303 971 ¹

750 1032 1004 1088 Foemina
1050 1030 1199 1097 supra
1243 1034 1353 1075 tota
1402 1023 1573 1088 griseo
1617 1034 1708 1074 aut
1785 1024 2069 1076 rufescente
2135 1040 2238 1079 va-

547 1123 674 1190 rio,
746 1116 888 1171 rachi
938 1124 1235 1185 pennarum
1286 1109 1577 1175 nigricante
1608 1146 1623 1170 ‚
1686 1104 1862 1158 subtus
1909 1107 2075 1174 magis
2146 1121 2240 1160 ru-

548 1209 774 1271 selcenS,
848 1204 960 1255 ima
1027 1192 1321 1252 abdominis
1387 1190 1535 1257 regio
1584 1188 1784 1242 sordide
1828 1187 1985 1258 alba,
2041 1205 2243 1263 vropy·

552 1292 706 1362 gium
756 1288 989 1355 remiges
1031 1281 1387 1346 recf’cricesque
1433 1277 1617 1346 prouti
1664 1274 1717 1326 in
1769 1290 1934 1327 mare.

709 1393 1180 1455 MOTAClLLA
1209 1395 1428 1461 superne
1456 1388 1738 1456 11igricans‚
1785 1402 1974 1458 torque
2009 1385 2125 1441 albo
2157 1387 2244 1441 in-

557 1502 805 1561 terrupto
837 1527 852 1556 ‚
900 1482 1115 1556 pestore
1163 1492 1321 1549 atque
1367 1474 1645 1528 abdomine
1690 1473 1961 1543 superiore
2005 1473 2220 1529 croceis,

1090 1624 1153 1690 D
1177 1622 1208 1687 I
1230 1618 1303 1688 M
1326 1617 1382 1685 E
1405 1615 1475 1682 N
1500 1614 1542 1683 S
1566 1615 1594 1680 Ι
1621 1613 1706 1681 O.

807 1706 1196 1796 Magnitudo
1243 1701 1609 1771 motacillae
1656 1694 1995 1766 Rubetrae.

565 1831 878 1901 Longitudo
924 1824 1086 1899 ipsius
1129 1823 1190 1877 ab
1231 1821 1384 1893 apice
1427 1818 1581 1872 rostri
1626 1817 1692 1869 ad
1727 1813 1917 1867 caudae

695 1926 1006 1967 extremum
1184 1938 1214 1953 -
1387 1932 1413 1942 -
1585 1924 1612 1936 —
1782 1926 1807 1934 -
1968 1894 2117 1960 4021
2141 1913 2164 1947 1
2177 1891 2248 1925 m

568 1999 880 2066 Longitudo
925 1994 1077 2047 rostri
1233 2014 1257 2023 -
1410 2012 1433 2020 -
1589 2010 1614 2020 -
1774 2010 1800 2023 .-
1955 2006 1982 2016 -
2138 1997 2180 2043 4

566 2081 710 2138 Alae
750 2079 1045 2150 explicatae
1088 2066 1524 2125 extremitatibus
1569 2062 1755 2115 distant
1880 2086 1907 2098 -
2021 2066 2059 2113 6
2084 2091 2118 2100 ..
2145 2077 2180 2127 7

564 2165 909 2235 Composstae
954 2160 1234 2215 dimidiam
1282 2155 1387 2207 fere
1430 2149 1648 2204 caudam
1695 2146 1973 2214 attingunt

563 2251 877 2320 Longitudo
920 2245 1110 2301 caudae
1280 2266 1304 2276 -
1459 2263 1486 2274 -
1640 2259 1668 2268 -
1825 2261 1848 2271 -
2012 2230 2102 2284 i·-
2135 2246 2203 2287 10

570 2334 792 2402 Digitus
841 2334 1048 2386 medius
1091 2341 1218 2383 cum
1266 2336 1447 2390 vngue
1603 2345 1630 2355 -
1786 2347 1811 2354 —
1969 2345 1992 2356 -
2152 2323 2182 2371 8

573 2418 838 2475 Laterales
888 2417 1060 2471 multo
1107 2414 1223 2466 sunt
1266 2402 1534 2461 brehiores
1666 2429 1690 2438 -
1820 2429 1846 2438 -
1976 2429 2004 2442 -
2113 2427 2136 2442 .
2226 2426 2252 2439 ..

1040 2556 1103 2624 D
1127 2552 1182 2619 E
1210 2549 1252 2617 S
1283 2546 1340 2614 C
1361 2546 1418 2613 R
1439 2543 1468 2608 I
1493 2541 1542 2606 P
1567 2541 1631 2608 T
1653 2542 1682 2608 Ι
1707 2542 1789 2610 Ο.

776 2653 1026 2710 Rostrum
1101 2658 1259 2701 tenue
1327 2644 1592 2705 nigrum,
1658 2636 1962 2692 mandibula
2019 2636 2258 2706 superior

575 2739 737 2813 paulo
803 2737 1019 2804 longior
1084 2730 1235 2801 apice
1306 2723 1531 2776 incurua
1606 2724 1689 2775 vti
1756 2725 1809 2776 in
1852 2723 2253 2790 congeneribusssa

578 2825 783 2880 Vertex
856 2820 1046 2892 capitis
1072 2855 1088 2883 ,
1156 2823 1315 2882 genae
1344 2848 1359 2879 ‚
1408 2805 1535 2878 gul-a
1577 2817 1732 2879 atque
1775 2806 1978 2863 collum
2026 2808 2256 2861 anterius

2073 2934 2077 2936 ,
2121 2900 2256 2957 atra,
