2402 3329
521 235 642 299 586
730 208 1390 284 OBSERVATIONES
1436 211 2072 276 ASTRONOMICAE

513 378 678 435 licuit
707 420 722 447 ‚
798 377 951 433 cuius
994 370 1356 430 verificationi
1403 369 1668 426 necessitas
1715 365 1932 439 inopina
1975 359 2210 436 repenti,-

520 467 577 520 ni
624 481 691 519 ex
734 464 827 518 isti
873 463 1001 517 vrbe
1047 461 1218 514 abitus
1260 459 1473 513 obstitit.

730 581 938 651 VIII.
987 579 1364 647 Declirmtio
1408 595 1562 643 acus
1608 573 2012 657 wmgneticae.

727 705 861 757 Vfae
921 701 1010 754 sub
1086 700 1298 754 latitud.
1359 701 1468 753 bor.
1544 698 1642 759 54⁰
1685 692 1786 758 5ss
1852 707 1906 746 et
1984 689 2219 755 53033'

531 789 710 842 versus
754 789 1020 843 orientem
1064 802 1092 837 a
1134 784 1368 837 Lutetiis
1416 781 1737 836 Parisiorum
1771 795 1893 833 acus
1924 780 2217 844 magnetica

531 885 560 935 5
616 871 741 940 poll.
791 873 970 937 longa,
1010 869 1092 920 die
1143 887 1218 933 29
1265 867 1559 932 Septembr.
1602 881 1652 916 n.
1699 863 1750 916 st.
1799 867 1952 927 1769
1984 862 2219 931 repetito

524 953 751 1008 sollicite
794 953 1171 1022 experimento
1204 986 1219 1011 ,
1285 953 1338 999 10
1368 947 1472 1009 30s
1517 962 1546 998 a
1618 946 1977 1013 septentrione
2042 947 2222 998 versus

521 1048 709 1092 ortum
756 1037 1020 1093 declinare
1066 1043 1272 1102 reperta
1317 1030 1404 1085 est.

735 1154 866 1224 IX.
914 1151 1414 1238 Observationes
1457 1145 1991 1232 meteorologicae.

531 1268 706 1331 1769.
773 1265 822 1317 d.
879 1272 972 1318 26.
1021 1260 1302 1329 Septembr
1348 1256 1489 1311 Viae
1555 1254 1688 1310 hora
1771 1262 1800 1309 8
1877 1254 2226 1326 vespertIna‚

773 1350 993 1404 Aurora
1038 1344 1271 1399 borealis
1338 1339 1615 1396 inusitatae
1686 1342 1898 1412 prorsus
1960 1342 2223 1405 claritatis

779 1436 889 1488 visa
934 1433 1005 1487 est
1033 1473 1046 1498 ‚
1088 1428 1299 1498 fulgura
1343 1425 1771 1498 quaquauersum
1817 1425 2079 1480 eiaculans
2128 1443 2223 1482 ve·

779 1517 1195 1573 hementiffima.
1277 1514 1455 1568 Huius
1499 1527 1722 1565 aurorae
1762 1511 1994 1581 aspectus
2023 1553 2037 1580 ‚
2084 1528 2226 1565 nuu-

784 1604 1047 1658 ciantibus
1091 1599 1320 1656 nouellis
1365 1597 1586 1668 publicis
1617 1638 1631 1663 ‚
1703 1614 1800 1666 per
1850 1613 2073 1649 omnem
2120 1598 2227 1652 fere

790 1686 1148 1741 Germaniam
1197 1683 1409 1753 patuit3
1460 1683 1648 1734 eodem
1693 1681 1779 1732 die
1823 1680 1878 1731 in
1923 1683 2228 1746 regionibus

791 1768 972 1824 Rheni
1021 1782 1156 1822 terra
1202 1764 1515 1819 vehementi
1561 1773 1720 1816 motu
1768 1763 2010 1815 concuffa
2066 1765 2226 1817 refer-

792 1865 880 1906 tur
909 1873 923 1920 3
974 1852 1131 1906 huius
1168 1849 1522 1922 phaenomeni
1559 1845 1830 1917 apparitio
1856 1859 1966 1898 tam
1993 1846 2102 1901 late
2128 1865 2226 1902 ex-

782 1938 944 2001 tensa,
990 1947 1052 1988 vt
1098 1947 1481 2001 nonnunquam
1529 1931 1710 1983 eadem
1745 1944 1934 1983 aurora
1971 1930 2081 1984 bor.
2129 1947 2225 2003 pet

791 2031 968 2074 totam
998 2019 1279 2087 Europam
1312 2016 1418 2068 visa
1443 2013 1622 2078 fuerit,
1646 2013 1707 2063 de
1736 2015 1939 2081 ingenti
1977 2019 2231 2071 materiae

786 2119 910 2158 eam
969 2103 1263 2174 generantis
1323 2098 1609 2154 altitudine
1655 2095 1892 2151 dubitare
1933 2116 2038 2152 non
2085 2100 2226 2158 sinit.

540 2203 722 2260 1770.
766 2192 817 2247 d.
871 2208 924 2246 2.
972 2194 1105 2262 Apr.
1155 2193 1363 2243 Anrora
1406 2185 1519 2239 bor.
1567 2179 1785 2251 insignis
1848 2182 2106 2241 claritatis
2171 2190 2226 2244 iu

795 2276 922 2331 vrbe
962 2275 1139 2332 Sisran
1186 2273 1313 2328 visa.

547 2373 724 2428 1770.
792 2362 842 2418 d.
896 2379 984 2415 12.
1034 2361 1189 2416 Febr.
1227 2347 1394 2410 'tenue
1439 2351 1726 2419 vestigium
1777 2352 2005 2408 luminis
2046 2360 2230 2415 zodia-

793 2446 922 2501 calis
965 2447 1079 2517 post
1124 2453 1178 2506 Θ
1224 2441 1501 2507 occasum3
1549 2439 1728 2492 eadem
1772 2440 2043 2512 apparitio
2064 2429 2230 2500 etiam

790 2534 843 2586 d.
897 2546 972 2597 27
1021 2532 1310 2586 obseruata.
1370 2527 1421 2579 d.
1473 2529 1546 2578 28
1622 2524 1803 2580 Martii
1875 2525 2059 2582 lumen
2125 2528 2229 2585 hoc

795 2614 1163 2672 Caffinianum
1239 2609 1633 2685 pulcerrimum
1699 2614 1872 2667 visum
1941 2614 2011 2668 est
2080 2614 2227 2672 inter

790 2700 987 2756 horam
1036 2719 1073 2767 9
1119 2714 1171 2756 et
1224 2713 1314 2763 10,
1359 2695 1420 2748 ab
1464 2692 1743 2748 horizonte
1787 2699 1849 2753 ad
1875 2697 2228 2757 constellatio-

798 2802 924 2844 nem
966 2786 1237 2864 pleiadum
1283 2795 1450 2855 Vsque
1515 2780 1846 2858 protensum.

1993 2868 2228 2929 Halones
