<?xml version="1.0" encoding="UTF-8"?>
<!DOCTYPE html PUBLIC "-//W3C//DTD XHTML 1.0 Transitional//EN"
    "http://www.w3.org/TR/xhtml1/DTD/xhtml1-transitional.dtd">
<html xmlns="http://www.w3.org/1999/xhtml" xml:lang="en" lang="en">
 <head>
  <title>
</title>
<meta http-equiv="Content-Type" content="text/html;charset=utf-8" />
  <meta name='ocr-system' content='tesseract 3.04.00' />
  <meta name='ocr-capabilities' content='ocr_page ocr_carea ocr_par ocr_line ocrx_word'/>
</head>
<body>
  <div class='ocr_page' id='page_1' title='image "./novicommentariac15impe_0533.png"; bbox 0 0 2402 3329; ppageno 0'>
   <div class='ocr_carea' id='block_1_1' title="bbox 670 225 1891 301">
    <p class='ocr_par' dir='ltr' id='par_1_1' title="bbox 670 225 1891 301">
     <span class='ocr_line' id='line_1_1' title="bbox 670 225 1891 301; baseline 0.003 -17"><span class='ocrx_word' id='word_1_1' title='bbox 670 225 1446 289; x_wconf 83' lang='lat' dir='ltr'><strong>EXPOSITIO.</strong></span> <span class='ocrx_word' id='word_1_2' title='bbox 1772 243 1891 301; x_wconf 78' lang='lat'>467</span> 
     </span>
    </p>
   </div>
   <div class='ocr_carea' id='block_1_2' title="bbox 220 379 1910 1461">
    <p class='ocr_par' dir='ltr' id='par_1_2' title="bbox 220 379 1910 1461">
     <span class='ocr_line' id='line_1_2' title="bbox 225 379 1904 455; baseline -0.004 -14"><span class='ocrx_word' id='word_1_3' title='bbox 225 388 368 455; x_wconf 78' lang='lat' dir='ltr'>apice</span> <span class='ocrx_word' id='word_1_4' title='bbox 412 381 732 448; x_wconf 81' lang='lat' dir='ltr'>nigricantes</span> <span class='ocrx_word' id='word_1_5' title='bbox 784 395 843 431; x_wconf 83' lang='lat'>11</span> <span class='ocrx_word' id='word_1_6' title='bbox 884 408 902 417; x_wconf 88' lang='lat'><strong>·</strong></span> <span class='ocrx_word' id='word_1_7' title='bbox 938 396 1018 445; x_wconf 86' lang='lat'>24</span> <span class='ocrx_word' id='word_1_8' title='bbox 1061 379 1274 449; x_wconf 82' lang='lat' dir='ltr'>gryscae</span> <span class='ocrx_word' id='word_1_9' title='bbox 1300 420 1314 448; x_wconf 89' lang='lat'>‚</span> <span class='ocrx_word' id='word_1_10' title='bbox 1386 381 1535 451; x_wconf 85' lang='lat' dir='ltr'>apice</span> <span class='ocrx_word' id='word_1_11' title='bbox 1576 380 1856 436; x_wconf 78' lang='lat' dir='ltr'>albicantes</span> <span class='ocrx_word' id='word_1_12' title='bbox 1885 422 1904 449; x_wconf 91' lang='lat'>,</span> 
     </span>
     <span class='ocr_line' id='line_1_3' title="bbox 226 464 1905 541; baseline -0.003 -19"><span class='ocrx_word' id='word_1_13' title='bbox 226 469 432 541; x_wconf 62' lang='lat' dir='ltr'>punctis</span> <span class='ocrx_word' id='word_1_14' title='bbox 478 481 575 534; x_wconf 81' lang='lat' dir='ltr'>que</span> <span class='ocrx_word' id='word_1_15' title='bbox 619 464 961 518; x_wconf 80' lang='lat' dir='ltr'>albicantibus</span> <span class='ocrx_word' id='word_1_16' title='bbox 1006 467 1304 536; x_wconf 81' lang='lat' dir='ltr'>adspersae,</span> <span class='ocrx_word' id='word_1_17' title='bbox 1366 482 1497 534; x_wconf 89' lang='lat' dir='ltr'>quae</span> <span class='ocrx_word' id='word_1_18' title='bbox 1567 466 1620 518; x_wconf 90' lang='lat' dir='ltr'>in</span> <span class='ocrx_word' id='word_1_19' title='bbox 1690 467 1905 518; x_wconf 73' lang='lat' dir='ltr'>vlttmis</span> 
     </span>
     <span class='ocr_line' id='line_1_4' title="bbox 227 548 1898 618; baseline -0.001 -12"><span class='ocrx_word' id='word_1_20' title='bbox 227 557 288 606; x_wconf 80' lang='lat' dir='ltr'>ad</span> <span class='ocrx_word' id='word_1_21' title='bbox 339 565 623 618; x_wconf 83' lang='lat' dir='ltr'>vtrumque</span> <span class='ocrx_word' id='word_1_22' title='bbox 668 548 802 603; x_wconf 80' lang='lat' dir='ltr'>latus</span> <span class='ocrx_word' id='word_1_23' title='bbox 829 550 1259 614; x_wconf 76' lang='lat' dir='ltr'>confertissimae,</span> <span class='ocrx_word' id='word_1_24' title='bbox 1302 552 1622 617; x_wconf 86' lang='lat' dir='ltr'>nigricantes</span> <span class='ocrx_word' id='word_1_25' title='bbox 1648 553 1898 605; x_wconf 85' lang='lat' dir='ltr'>euadunt.</span> 
     </span>
     <span class='ocr_line' id='line_1_5' title="bbox 225 635 1904 705; baseline -0.002 -16"><span class='ocrx_word' id='word_1_26' title='bbox 225 635 478 690; x_wconf 61' lang='lat' dir='ltr'>Tect&#39;rs&#39;ces</span> <span class='ocrx_word' id='word_1_27' title='bbox 524 636 736 702; x_wconf 84' lang='lat' dir='ltr'>corpori</span> <span class='ocrx_word' id='word_1_28' title='bbox 782 636 1101 705; x_wconf 72' lang='lat' dir='ltr'>proprioreS,</span> <span class='ocrx_word' id='word_1_29' title='bbox 1145 636 1378 702; x_wconf 86' lang='lat' dir='ltr'>gryseae‚</span> <span class='ocrx_word' id='word_1_30' title='bbox 1428 636 1778 702; x_wconf 83' lang='lat' dir='ltr'>symmetrico</span> <span class='ocrx_word' id='word_1_31' title='bbox 1816 651 1904 688; x_wconf 88' lang='lat' dir='ltr'>or-</span> 
     </span>
     <span class='ocr_line' id='line_1_6' title="bbox 220 718 1907 789; baseline -0.003 -13"><span class='ocrx_word' id='word_1_32' title='bbox 220 724 344 776; x_wconf 82' lang='lat' dir='ltr'>dine</span> <span class='ocrx_word' id='word_1_33' title='bbox 391 722 768 788; x_wconf 71' lang='lat' dir='ltr'>nigricantxbus</span> <span class='ocrx_word' id='word_1_34' title='bbox 811 718 1023 772; x_wconf 81' lang='lat' dir='ltr'>circulis</span> <span class='ocrx_word' id='word_1_35' title='bbox 1067 720 1306 772; x_wconf 83' lang='lat' dir='ltr'>vndatim</span> <span class='ocrx_word' id='word_1_36' title='bbox 1335 720 1556 787; x_wconf 82' lang='lat' dir='ltr'>striatae‚</span> <span class='ocrx_word' id='word_1_37' title='bbox 1604 735 1709 789; x_wconf 88' lang='lat' dir='ltr'>quo</span> <span class='ocrx_word' id='word_1_38' title='bbox 1735 721 1907 787; x_wconf 83' lang='lat' dir='ltr'>magis</span> 
     </span>
     <span class='ocr_line' id='line_1_7' title="bbox 221 797 1906 873; baseline -0.002 -14"><span class='ocrx_word' id='word_1_39' title='bbox 221 805 316 859; x_wconf 82' lang='lat' dir='ltr'>alis</span> <span class='ocrx_word' id='word_1_40' title='bbox 363 805 567 858; x_wconf 83' lang='lat' dir='ltr'>vicinae</span> <span class='ocrx_word' id='word_1_41' title='bbox 601 844 614 869; x_wconf 92' lang='lat'><strong>‚</strong></span> <span class='ocrx_word' id='word_1_42' title='bbox 659 820 687 855; x_wconf 91' lang='lat' dir='ltr'>e</span> <span class='ocrx_word' id='word_1_43' title='bbox 720 797 973 873; x_wconf 53' lang='lat' dir='ltr'>‘gryseo-</span> <span class='ocrx_word' id='word_1_44' title='bbox 1001 805 1164 858; x_wconf 81' lang='lat' dir='ltr'>fuscae</span> <span class='ocrx_word' id='word_1_45' title='bbox 1189 845 1203 871; x_wconf 88' lang='lat'>‚</span> <span class='ocrx_word' id='word_1_46' title='bbox 1272 803 1429 857; x_wconf 83' lang='lat' dir='ltr'>lincis</span> <span class='ocrx_word' id='word_1_47' title='bbox 1467 819 1573 871; x_wconf 88' lang='lat' dir='ltr'>que</span> <span class='ocrx_word' id='word_1_48' title='bbox 1620 804 1906 856; x_wconf 86' lang='lat' dir='ltr'>albicanti—</span> 
     </span>
     <span class='ocr_line' id='line_1_8' title="bbox 221 887 1908 959; baseline -0.001 -16"><span class='ocrx_word' id='word_1_49' title='bbox 221 891 315 943; x_wconf 86' lang='lat' dir='ltr'>bus</span> <span class='ocrx_word' id='word_1_50' title='bbox 360 887 666 943; x_wconf 76' lang='lat' dir='ltr'>transuersis</span> <span class='ocrx_word' id='word_1_51' title='bbox 710 889 896 959; x_wconf 78' lang='lat' dir='ltr'>absque</span> <span class='ocrx_word' id='word_1_52' title='bbox 942 893 1129 944; x_wconf 84' lang='lat' dir='ltr'>ordine</span> <span class='ocrx_word' id='word_1_53' title='bbox 1175 900 1403 944; x_wconf 85' lang='lat' dir='ltr'>notatae.</span> <span class='ocrx_word' id='word_1_54' title='bbox 1448 887 1592 941; x_wconf 84' lang='lat' dir='ltr'>Infra</span> <span class='ocrx_word' id='word_1_55' title='bbox 1649 887 1908 942; x_wconf 66' lang='lat' dir='ltr'>TeHrices</span> 
     </span>
     <span class='ocr_line' id='line_1_9' title="bbox 222 973 1908 1040; baseline -0.002 -13"><span class='ocrx_word' id='word_1_56' title='bbox 222 988 410 1027; x_wconf 85' lang='lat' dir='ltr'>omnes</span> <span class='ocrx_word' id='word_1_57' title='bbox 455 973 744 1024; x_wconf 80' lang='lat' dir='ltr'>candicant.</span> <span class='ocrx_word' id='word_1_58' title='bbox 790 973 1005 1024; x_wconf 88' lang='lat' dir='ltr'>Plumae</span> <span class='ocrx_word' id='word_1_59' title='bbox 1053 974 1254 1024; x_wconf 83' lang='lat' dir='ltr'>femora</span> <span class='ocrx_word' id='word_1_60' title='bbox 1301 983 1527 1037; x_wconf 81' lang='lat' dir='ltr'>tegentes</span> <span class='ocrx_word' id='word_1_61' title='bbox 1591 974 1908 1040; x_wconf 77' lang='lat' dir='ltr'>respondent</span> 
     </span>
     <span class='ocr_line' id='line_1_10' title="bbox 224 1051 1907 1123; baseline -0.003 -12"><span class='ocrx_word' id='word_1_62' title='bbox 224 1057 598 1119; x_wconf 73' lang='lat' dir='ltr'>vessitricibu5‚</span> <span class='ocrx_word' id='word_1_63' title='bbox 641 1057 855 1123; x_wconf 86' lang='lat' dir='ltr'>corpori</span> <span class='ocrx_word' id='word_1_64' title='bbox 901 1055 1115 1107; x_wconf 77' lang='lat' dir='ltr'>vicinis,</span> <span class='ocrx_word' id='word_1_65' title='bbox 1157 1051 1335 1106; x_wconf 76' lang='lat' dir='ltr'>Gauda</span> <span class='ocrx_word' id='word_1_66' title='bbox 1363 1053 1683 1113; x_wconf 75' lang='lat' dir='ltr'>breuissima.</span> <span class='ocrx_word' id='word_1_67' title='bbox 1730 1054 1907 1107; x_wconf 68' lang='grc' dir='ltr'><em>νεᾶνί-</em></span> 
     </span>
     <span class='ocr_line' id='line_1_11' title="bbox 222 1126 1910 1208; baseline -0.003 -13"><span class='ocrx_word' id='word_1_68' title='bbox 222 1141 362 1196; x_wconf 81' lang='lat' dir='ltr'>cibus</span> <span class='ocrx_word' id='word_1_69' title='bbox 440 1156 545 1208; x_wconf 82' lang='lat'>12,</span> <span class='ocrx_word' id='word_1_70' title='bbox 632 1137 795 1191; x_wconf 85' lang='lat' dir='ltr'>latere</span> <span class='ocrx_word' id='word_1_71' title='bbox 871 1140 1134 1192; x_wconf 87' lang='lat' dir='ltr'>anteriore</span> <span class='ocrx_word' id='word_1_72' title='bbox 1199 1126 1591 1190; x_wconf 83' lang='lat' dir='ltr'>flauescentibus</span> <span class='ocrx_word' id='word_1_73' title='bbox 1630 1179 1646 1204; x_wconf 86' lang='lat'>‚</span> <span class='ocrx_word' id='word_1_74' title='bbox 1710 1137 1910 1191; x_wconf 86' lang='lat' dir='ltr'>duabus</span> 
     </span>
     <span class='ocr_line' id='line_1_12' title="bbox 226 1219 1909 1293; baseline -0.003 -15"><span class='ocrx_word' id='word_1_75' title='bbox 226 1227 481 1293; x_wconf 77' lang='lat' dir='ltr'>vtrinque</span> <span class='ocrx_word' id='word_1_76' title='bbox 549 1224 770 1273; x_wconf 83' lang='lat' dir='ltr'>extimis</span> <span class='ocrx_word' id='word_1_77' title='bbox 815 1221 1194 1274; x_wconf 84' lang='lat' dir='ltr'>immaculatis,</span> <span class='ocrx_word' id='word_1_78' title='bbox 1284 1219 1446 1274; x_wconf 76' lang='lat' dir='ltr'>Pedes</span> <span class='ocrx_word' id='word_1_79' title='bbox 1491 1220 1678 1290; x_wconf 85' lang='lat' dir='ltr'>pallide</span> <span class='ocrx_word' id='word_1_80' title='bbox 1737 1222 1909 1274; x_wconf 61' lang='lat' dir='ltr'>incar‘</span> 
     </span>
     <span class='ocr_line' id='line_1_13' title="bbox 226 1301 1903 1377; baseline -0.001 -15"><span class='ocrx_word' id='word_1_81' title='bbox 226 1313 348 1363; x_wconf 86' lang='lat' dir='ltr'>nati.</span> <span class='ocrx_word' id='word_1_82' title='bbox 437 1307 607 1363; x_wconf 84' lang='lat' dir='ltr'>Fascia</span> <span class='ocrx_word' id='word_1_83' title='bbox 650 1306 710 1357; x_wconf 88' lang='lat' dir='ltr'>ad</span> <span class='ocrx_word' id='word_1_84' title='bbox 761 1302 992 1370; x_wconf 80' lang='lat' dir='ltr'>singulos</span> <span class='ocrx_word' id='word_1_85' title='bbox 1040 1301 1294 1357; x_wconf 83' lang='lat' dir='ltr'>articulos</span> <span class='ocrx_word' id='word_1_86' title='bbox 1360 1307 1639 1375; x_wconf 85' lang='lat' dir='ltr'>nigricans.</span> <span class='ocrx_word' id='word_1_87' title='bbox 1707 1306 1903 1377; x_wconf 80' lang='lat' dir='ltr'>Vngues</span> 
     </span>
     <span class='ocr_line' id='line_1_14' title="bbox 220 1388 1174 1461; baseline -0.002 -16"><span class='ocrx_word' id='word_1_88' title='bbox 220 1407 274 1447; x_wconf 88' lang='lat' dir='ltr'>et</span> <span class='ocrx_word' id='word_1_89' title='bbox 313 1390 601 1447; x_wconf 79' lang='lat' dir='ltr'>membrana</span> <span class='ocrx_word' id='word_1_90' title='bbox 647 1388 963 1442; x_wconf 64' lang='lat' dir='ltr'>connectens</span> <span class='ocrx_word' id='word_1_91' title='bbox 1006 1390 1174 1461; x_wconf 84' lang='lat' dir='ltr'>nigra.</span> 
     </span>
    </p>
   </div>
   <div class='ocr_carea' id='block_1_3' title="bbox 218 1556 1909 1886">
    <p class='ocr_par' dir='ltr' id='par_1_3' title="bbox 218 1556 1909 1886">
     <span class='ocr_line' id='line_1_15' title="bbox 416 1556 1905 1630; baseline 0 -16"><span class='ocrx_word' id='word_1_92' title='bbox 416 1556 727 1614; x_wconf 84' lang='lat' dir='ltr'><strong>FEMINA</strong></span> <span class='ocrx_word' id='word_1_93' title='bbox 767 1557 949 1613; x_wconf 82' lang='lat' dir='ltr'>differt</span> <span class='ocrx_word' id='word_1_94' title='bbox 975 1598 990 1624; x_wconf 94' lang='lat'>,</span> <span class='ocrx_word' id='word_1_95' title='bbox 1033 1560 1401 1629; x_wconf 68' lang='lat' dir='ltr'>quodpestus</span> <span class='ocrx_word' id='word_1_96' title='bbox 1444 1575 1570 1614; x_wconf 88' lang='lat' dir='ltr'>cum</span> <span class='ocrx_word' id='word_1_97' title='bbox 1619 1560 1792 1630; x_wconf 86' lang='lat' dir='ltr'>capite</span> <span class='ocrx_word' id='word_1_98' title='bbox 1850 1572 1905 1614; x_wconf 82' lang='lat' dir='ltr'>et</span> 
     </span>
     <span class='ocr_line' id='line_1_16' title="bbox 220 1640 1903 1713; baseline 0.001 -17"><span class='ocrx_word' id='word_1_99' title='bbox 220 1641 362 1697; x_wconf 89' lang='lat' dir='ltr'>collo</span> <span class='ocrx_word' id='word_1_100' title='bbox 404 1640 658 1698; x_wconf 89' lang='lat' dir='ltr'>concolor</span> <span class='ocrx_word' id='word_1_101' title='bbox 707 1641 771 1696; x_wconf 91' lang='lat' dir='ltr'>fit</span> <span class='ocrx_word' id='word_1_102' title='bbox 801 1684 816 1709; x_wconf 88' lang='lat'>‚</span> <span class='ocrx_word' id='word_1_103' title='bbox 862 1643 1111 1700; x_wconf 90' lang='lat' dir='ltr'>nebuloso</span> <span class='ocrx_word' id='word_1_104' title='bbox 1181 1644 1554 1713; x_wconf 85' lang='lat' dir='ltr'>ferrugineum</span> <span class='ocrx_word' id='word_1_105' title='bbox 1619 1643 1754 1697; x_wconf 89' lang='lat' dir='ltr'>illud</span> <span class='ocrx_word' id='word_1_106' title='bbox 1824 1646 1903 1697; x_wconf 92' lang='lat' dir='ltr'>in-</span> 
     </span>
     <span class='ocr_line' id='line_1_17' title="bbox 221 1724 1909 1800; baseline -0.002 -17"><span class='ocrx_word' id='word_1_107' title='bbox 221 1727 416 1783; x_wconf 78' lang='lat' dir='ltr'>tensius</span> <span class='ocrx_word' id='word_1_108' title='bbox 443 1766 460 1794; x_wconf 89' lang='lat'><strong>,</strong></span> <span class='ocrx_word' id='word_1_109' title='bbox 503 1724 606 1780; x_wconf 89' lang='lat' dir='ltr'>hoc</span> <span class='ocrx_word' id='word_1_110' title='bbox 650 1726 891 1782; x_wconf 84' lang='lat' dir='ltr'>dilutius.</span> <span class='ocrx_word' id='word_1_111' title='bbox 938 1727 1150 1786; x_wconf 85' lang='lat' dir='ltr'>Dorsum</span> <span class='ocrx_word' id='word_1_112' title='bbox 1192 1729 1335 1783; x_wconf 85' lang='lat' dir='ltr'>fusco</span> <span class='ocrx_word' id='word_1_113' title='bbox 1380 1730 1676 1782; x_wconf 88' lang='lat' dir='ltr'>cinereum.</span> <span class='ocrx_word' id='word_1_114' title='bbox 1737 1725 1909 1800; x_wconf 77' lang='lat' dir='ltr'><em>Hypo-</em></span> 
     </span>
     <span class='ocr_line' id='line_1_18' title="bbox 218 1811 1480 1886; baseline -0.002 -18"><span class='ocrx_word' id='word_1_115' title='bbox 218 1811 450 1869; x_wconf 81' lang='lat' dir='ltr'>chondria</span> <span class='ocrx_word' id='word_1_116' title='bbox 495 1815 828 1885; x_wconf 83' lang='lat' dir='ltr'>ferruginea,</span> <span class='ocrx_word' id='word_1_117' title='bbox 872 1828 1007 1886; x_wconf 89' lang='lat' dir='ltr'>quae</span> <span class='ocrx_word' id='word_1_118' title='bbox 1050 1814 1110 1868; x_wconf 85' lang='lat' dir='ltr'>in</span> <span class='ocrx_word' id='word_1_119' title='bbox 1158 1829 1304 1869; x_wconf 86' lang='lat' dir='ltr'>mare</span> <span class='ocrx_word' id='word_1_120' title='bbox 1351 1814 1480 1869; x_wconf 84' lang='lat' dir='ltr'>alba.</span> 
     </span>
    </p>
   </div>
   <div class='ocr_carea' id='block_1_4' title="bbox 223 1979 1908 2297">
    <p class='ocr_par' dir='ltr' id='par_1_4' title="bbox 223 1979 1908 2297">
     <span class='ocr_line' id='line_1_19' title="bbox 420 1979 1906 2046; baseline 0.003 -16"><span class='ocrx_word' id='word_1_121' title='bbox 420 1979 647 2034; x_wconf 82' lang='lat' dir='ltr'>Videtur</span> <span class='ocrx_word' id='word_1_122' title='bbox 698 1985 837 2036; x_wconf 79' lang='lat' dir='ltr'>Anas</span> <span class='ocrx_word' id='word_1_123' title='bbox 883 1981 1155 2035; x_wconf 82' lang='lat' dir='ltr'>Fistularis</span> <span class='ocrx_word' id='word_1_124' title='bbox 1201 1993 1473 2039; x_wconf 77' lang='lat' dir='ltr'>BRISSON</span> <span class='ocrx_word' id='word_1_125' title='bbox 1541 1981 1655 2036; x_wconf 89' lang='lat' dir='ltr'>ord.</span> <span class='ocrx_word' id='word_1_126' title='bbox 1685 1996 1762 2044; x_wconf 84' lang='lat'>24</span> <span class='ocrx_word' id='word_1_127' title='bbox 1785 1993 1906 2046; x_wconf 88' lang='lat' dir='ltr'>gen.</span> 
     </span>
     <span class='ocr_line' id='line_1_20' title="bbox 231 2061 1906 2131; baseline 0.003 -25"><span class='ocrx_word' id='word_1_128' title='bbox 231 2070 360 2123; x_wconf 76' lang='lat'><em>107.</em></span> <span class='ocrx_word' id='word_1_129' title='bbox 407 2063 475 2131; x_wconf 80' lang='lat' dir='ltr'>sp,</span> <span class='ocrx_word' id='word_1_130' title='bbox 527 2082 618 2117; x_wconf 81' lang='lat'>21,</span> <span class='ocrx_word' id='word_1_131' title='bbox 660 2064 780 2122; x_wconf 82' lang='lat' dir='ltr'>effe,</span> <span class='ocrx_word' id='word_1_132' title='bbox 823 2062 902 2111; x_wconf 90' lang='lat' dir='ltr'>sed</span> <span class='ocrx_word' id='word_1_133' title='bbox 942 2061 1222 2131; x_wconf 87' lang='lat' dir='ltr'>descriptio</span> <span class='ocrx_word' id='word_1_134' title='bbox 1277 2067 1503 2129; x_wconf 86' lang='lat' dir='ltr'>ferinae,</span> <span class='ocrx_word' id='word_1_135' title='bbox 1548 2065 1608 2115; x_wconf 89' lang='lat' dir='ltr'>ad</span> <span class='ocrx_word' id='word_1_136' title='bbox 1652 2077 1768 2114; x_wconf 85' lang='lat' dir='ltr'>eam</span> <span class='ocrx_word' id='word_1_137' title='bbox 1814 2062 1906 2112; x_wconf 83' lang='lat' dir='ltr'>ex-</span> 
     </span>
     <span class='ocr_line' id='line_1_21' title="bbox 223 2143 1908 2215; baseline 0.002 -20"><span class='ocrx_word' id='word_1_138' title='bbox 223 2144 418 2196; x_wconf 83' lang='lat' dir='ltr'>citatae</span> <span class='ocrx_word' id='word_1_139' title='bbox 468 2183 485 2211; x_wconf 85' lang='lat'>,</span> <span class='ocrx_word' id='word_1_140' title='bbox 547 2153 804 2213; x_wconf 85' lang='lat' dir='ltr'>quatenus</span> <span class='ocrx_word' id='word_1_141' title='bbox 872 2143 928 2197; x_wconf 91' lang='lat' dir='ltr'>in</span> <span class='ocrx_word' id='word_1_142' title='bbox 994 2145 1147 2198; x_wconf 85' lang='lat' dir='ltr'>sauna</span> <span class='ocrx_word' id='word_1_143' title='bbox 1212 2145 1402 2200; x_wconf 82' lang='lat' dir='ltr'>suecica</span> <span class='ocrx_word' id='word_1_144' title='bbox 1464 2144 1688 2201; x_wconf 82' lang='lat' dir='ltr'>habetur</span> <span class='ocrx_word' id='word_1_145' title='bbox 1726 2185 1742 2215; x_wconf 89' lang='lat'><strong>,</strong></span> <span class='ocrx_word' id='word_1_146' title='bbox 1806 2144 1908 2198; x_wconf 79' lang='lat' dir='ltr'>vix</span> 
     </span>
     <span class='ocr_line' id='line_1_22' title="bbox 226 2227 460 2297; baseline 0 -19"><span class='ocrx_word' id='word_1_147' title='bbox 226 2227 460 2297; x_wconf 83' lang='lat' dir='ltr'>quadrat.</span> 
     </span>
    </p>
   </div>
   <div class='ocr_carea' id='block_1_5' title="bbox 915 2912 1890 3010">
    <p class='ocr_par' dir='ltr' id='par_1_5' title="bbox 915 2912 1890 3010">
     <span class='ocr_line' id='line_1_23' title="bbox 915 2912 1890 3010; baseline -0.006 -39"><span class='ocrx_word' id='word_1_148' title='bbox 915 2912 1175 3010; x_wconf 51' lang='lat' dir='ltr'>Nun?</span> <span class='ocrx_word' id='word_1_149' title='bbox 1749 2914 1890 2974; x_wconf 86' lang='lat' dir='ltr'>XV.</span> 
     </span>
    </p>
   </div>
  </div>
 </body>
</html>
