2402 3329
483 224 606 283 250
864 234 867 237 ·
1020 205 1178 267 DE
1269 203 1623 263 MOTV

1025 349 1425 433 Coroll
1536 377 1598 449 3.

684 510 782 563 35.
829 496 1038 550 Totum
1094 491 1376 561 negotium
1443 489 1508 544 ad
1580 485 1947 561 aequationem
2015 486 2168 542 diffe-

479 581 763 642 rentialem
827 579 1040 635 secundi
1107 579 1300 649 gradus
1370 575 1644 630 reducitur
1675 615 1691 641 ,
1758 588 1895 644 quae
1959 571 2170 625 etiamst

483 668 769 744 pressiones
845 664 909 718 M
976 677 1031 718 et
1099 663 1153 718 N
1206 663 1307 718 sint
1376 661 1711 732 inaequaleS,
1800 659 1918 712 ideo
1991 670 2172 710 tamen

481 773 589 811 non
636 754 700 808 fit
746 750 924 807 solutu
968 749 1248 805 difficilior
1303 747 1383 802 sed
1454 757 1563 800 tota
1625 743 1918 800 difficultas
1987 740 2178 795 residet

483 843 539 896 in
583 837 953 894 altitudinibus
999 853 1047 910 μ
1089 847 1141 889 61
1183 849 1246 904 ν,
1282 834 1478 905 quippe
1530 847 1664 903 quae
1729 845 1823 926 per
1893 845 1940 883 m
2006 827 2179 880 deter-

490 925 787 980 minantur.

1045 1007 1623 1091 Scholion.

698 1159 789 1221 36.
837 1146 1001 1208 Casus
1054 1146 1230 1205 coroll
1284 1168 1332 1202 1.
1381 1163 1494 1218 quo
1562 1143 1847 1218 pressiones
1912 1144 1972 1202 M
2022 1159 2075 1203 et
2120 1137 2185 1216 N

487 1242 850 1299 euanescentes
895 1238 1141 1303 fecimu5‚
1186 1231 1395 1287 nonnisi
1440 1235 1495 1285 in
1541 1247 1717 1286 vacuo
1762 1230 1946 1286 locum
1995 1219 2185 1287 habere

491 1328 704 1401 potest,
750 1323 960 1397 quando
1004 1323 1151 1383 enirn
1201 1328 1384 1385 motus
1423 1317 1486 1371 fit
1534 1316 1587 1370 in
1635 1319 1796 1384 a‘e’re,
1841 1332 1975 1371 vena
2021 1334 2188 1389 aquea

490 1416 547 1469 in
596 1427 850 1482 Vtroque
871 1407 1110 1463 termino
1156 1419 1184 1456 a
1233 1406 1467 1475 pondere
1490 1358 1888 1473 atmoiphaerae
1914 1404 2184 1473 premitur

491 1503 544 1553 et
589 1499 807 1570 quidem
858 1492 971 1564 pari
1017 1495 1117 1561 vi,
1163 1488 1261 1542 nifi
1305 1489 1466 1542 ambo
1510 1488 1736 1543 termini
1780 1485 1841 1540 ad
1885 1481 2193 1541 altitudines

497 1585 743 1638 maxime
786 1579 1082 1637 differentes
1153 1574 1470 1647 pei-itiigant.
1575 1573 1757 1645 Quare
1825 1569 1864 1625 fi
1930 1586 2065 1626 vena
2133 1573 2191 1626 in

496 1682 729 1740 vtroque
773 1666 1012 1721 termino
1055 1664 1218 1717 fuerit
1264 1661 1426 1716 libera
1472 1671 1524 1712 et
1568 1669 1749 1730 aperta
1795 1656 1852 1710 in
1906 1657 2086 1714 coroil
2132 1675 2187 1711 2.
2200 1669 2205 1676 ’

499 1753 680 1808 littera
719 1752 799 1804 *M
864 1749 1131 1806 denotabit
1201 1747 1514 1817 pressionem
1585 1741 1990 1814 atmosphaerae
2057 1760 2209 1815 quae

497 1853 628 1891 cum
693 1837 798 1885 sere
868 1832 1201 1894 aequiualeat
1262 1830 1551 1883 columnae
1618 1843 1815 1896 aqueae
1888 1842 1963 1888 33
2035 1829 2189 1894 pedes

503 1902 638 1963 altae
680 1911 719 1965 fi
766 1925 867 1981 pro
929 1908 1027 1964 hac
1072 1912 1362 1969 altitudine
1409 1911 1689 1962 scribamus
1731 1908 1762 1961 k
1805 1906 1906 1959 erit
1950 1905 2080 1959 M:
2094 1904 2193 1973 bk,

501 1991 558 2033 et
601 1996 729 2050 qula
775 1991 861 2043 hic
905 2010 1173 2065 perpetuo
1213 1997 1276 2048 de
1328 2010 1460 2065 aqua
1530 1994 1600 2046 est
1664 1991 1842 2045 sermo
1910 1989 2193 2059 pressiones

495 2063 661 2116 etiam
710 2080 802 2142 per
842 2075 963 2116 coln
954 2092 1096 2112 m„
1105 2094 1123 2112 ο
1167 2094 1248 2120 „q
1254 2092 1326 2114 ,Μ
1334 2092 1356 2115 ς
1396 2075 1552 2116 mm:
1564 2075 1635 2106 m:
1677 2088 1905 2104 „nn-mn
1897 2074 1969 2102 :M
1996 2099 2010 2115 ,
2097 2072 2194 2106 mi.

501 2137 815 2203 densitatem
856 2157 1021 2212 aquae
1067 2139 1100 2194 h
1147 2133 1344 2191 vnitati
1386 2129 1665 2200 aequilem
1692 2130 1995 2186 statuamus
2043 2133 2197 2218 Qu„

498 2226 634 2287 urea
677 2231 992 2305 pressionem
1044 2225 1100 2278 in
1142 2234 1304 2293 aquae
1349 2228 1484 2271 vena
1524 2213 1850 2299 ¹habebimus,
1873 2234 1887 2269 :

503 2435 747 2497 Maximi
793 2447 976 2490 autem
1023 2443 1292 2489 momenti
1334 2432 1408 2487 est
1452 2424 1766 2500 preffionem
1791 2418 2191 2502 atriiosphcierae

499 2526 532 2582 k
579 2525 632 2577 in
678 2519 950 2576 calculum
996 2519 1359 2583 introducere,
1402 2511 1608 2569 etiamsi
1654 2528 1762 2565 non
1809 2519 2096 2583 ienti'atur3
2137 2536 2197 2572 ea

505 2610 654 2663 enim
696 2606 879 2661 omissa
922 2607 1068 2677 saepe
1111 2605 1231 2659 -fieti
1277 2599 1483 2673 posset,
1526 2610 1592 2653 vt
1628 2589 1826 2668 'pressio
1863 2610 1900 2672 p
1927 2603 2194 2656 euaderet

502 2693 751 2760 negatiua
784 2732 799 2757 ‚
844 2706 1017 2759 neque
1063 2702 1243 2742 tamen
1299 2685 1624 2739 continuitas
1691 2683 1847 2739 fluidi
1914 2683 2199 2740 soluatur
2174 2722 2204 2754 ‚-

508 2776 662 2883 quod
695 2788 886 2829 tamen
930 2777 1155 2864 semper
1180 2770 1398 2826 euenire
1440 2770 1633 2872 debet,
1653 2769 1747 2825 vbi
1789 2770 1987 2847 pressio
2009 2787 2192 2828 reuera

1143 2863 1155 2881 ²
1985 2869 2012 2881 ⁴-
2122 2842 2194 2911 'fit
