2402 3329
335 227 430 288 LA
443 223 678 290 M1N15.
705 222 1047 284 ELASTIC.
1075 224 1125 281 A
1151 225 1722 295 PERcvss.1MPR.
1775 257 1893 311 379

213 380 447 436 teruallo
489 381 549 432 ab
592 375 685 431 illa
732 393 1097 449 ponerentur:
1161 373 1265 436 hoc
1307 381 1658 438 interuallum
1727 405 1897 461 prope

209 465 576 520 extremitates
619 464 850 517 laminae
914 467 1010 520 feci
1075 465 1363 536 aliquando
1425 483 1660 541 quatuor
1727 473 1898 529 linea-

207 565 332 603 rum
380 561 431 602 et
473 548 647 603 adhuc
695 563 928 621 vterque
971 549 1219 619 globulus
1261 552 1655 624 repellebatur3
1704 558 1765 613 In
1814 559 1895 613 lo·

171 637 277 696 ,cis
323 649 504 691 autem
560 637 620 688 ab
685 638 1122 690 extremitatibus
1190 640 1620 707 remotioribus,
1687 646 1891 702 minori

203 718 494 777 interuallo
538 721 770 794 ponendi
811 736 962 776 erant
1007 721 1402 792 globuli-conf.
1447 724 1536 795 fig.
1588 744 1645 778 2.

400 893 808 964 Experimentum
852 907 911 957 4.
958 892 1100 949 Cum
1149 892 1400 963 globulus
1455 906 1682 967 vterque
1748 895 1889 954 vltra

200 975 506 1031 distantiam
553 982 615 1043 4⁸3
664 976 793 1046 poll.
842 980 904 1031 ab
947 983 1288 1033 extremitate
1329 997 1551 1033 normae
1597 981 1726 1034 effit
1789 1002 1891 1053 po-

201 1061 330 1113 situs
360 1101 374 1121 ,
437 1060 645 1112 etiamsi
708 1060 870 1112 essent
915 1059 1142 1112 laminae
1187 1073 1398 1116 tantum
1445 1080 1550 1116 non
1595 1065 1877 1133 contigui,

201 1145 411 1198 nullam
457 1161 620 1215 porro
664 1143 1102 1213 repercuffionem
1149 1147 1481 1215 patiebantur
1524 1151 1663 1202 confi
1711 1151 1747 1217 §.
1791 1165 1881 1216 17.

202 1243 256 1281 at
321 1246 452 1283 vero
518 1245 646 1283 cum
714 1227 917 1294 globuli
989 1226 1141 1296 plane
1211 1232 1579 1297 contingerent
1625 1251 1876 1288 normam

202 1330 297 1366 nec
343 1314 576 1366 multum
626 1311 765 1363 vltra
817 1317 878 1376 4}
928 1309 1052 1377 poll.
1096 1312 1158 1364 ab
1222 1317 1648 1370 extremitatibus
1712 1319 1879 1374 lami-

200 1414 298 1449 nae
342 1400 585 1451 distarent
612 1437 627 1461 ,
669 1396 847 1449 euenit
890 1393 1176 1462 aliquando
1223 1413 1284 1452 vt
1331 1401 1759 1473 repellerentur5
1821 1405 1876 1462 id

197 1495 327 1534 vero
370 1497 431 1533 an
474 1482 713 1532 eueniret
757 1496 848 1533 nec
900 1475 1011 1532 ne?
1054 1481 1280 1536 dubium
1327 1499 1466 1540 erat:
1512 1488 1875 1558 repulsionem

193 1561 327 1615 hanc
373 1565 615 1618 minimis
661 1565 1071 1619 vibratiunculis
1102 1607 1116 1631 ,
1160 1584 1287 1634 quae
1331 1571 1616 1642 aliquando
1660 1574 1715 1629 in
1751 1591 1875 1644 par-

188 1648 321 1701 tibus
373 1649 602 1704 laminae
668 1654 1035 1718 contingunt,
1103 1652 1325 1706 diuersis
1389 1671 1419 1708 a
1492 1658 1875 1715 vibrationibus

187 1733 357 1807 primi
405 1735 607 1790 ordinis
652 1736 893 1790 maxime
937 1738 1230 1809 conspicuis
1275 1739 1468 1796 tribuo,
1512 1744 1648 1798 conf.
1694 1745 1739 1809 ξ.
1781 1763 1870 1804 10.

385 1900 789 1975 Experimentztm
841 1914 892 1966 5.
950 1902 1194 1957 Eandem
1265 1921 1517 1961 normam
1585 1906 1872 1980 superficie

183 1984 271 2038 sua
317 1982 498 2038 latiori
544 1987 752 2040 tabulae
795 1988 1027 2054 imposui
1074 2003 1232 2057 atque
1278 1990 1417 2044 latus
1471 1993 1675 2059 gracile
1745 2012 1870 2064 per-

186 2066 347 2132 cuffi3
414 2080 538 2121 tunc
599 2080 783 2118 autem
853 2069 1037 2133 virgae
1103 2073 1344 2135 rigiditas
1410 2076 1562 2142 supra
1635 2079 1866 2132 modum

187 2149 338 2202 aucta
403 2162 556 2213 erat3
624 2163 714 2199 nec
785 2149 934 2201 enim
996 2150 1185 2220 absque
1231 2167 1428 2221 magno
1470 2168 1660 2209 conatu
1706 2159 1863 2213 illam

187 2230 466 2286 tantillum
535 2228 802 2284 inflectere
868 2243 1113 2302 poteram
1185 2235 1239 2287 in
1310 2236 1473 2307 plano
1516 2238 1861 2315 latitudinis,

183 2334 309 2372 cum
352 2329 499 2370 antea
543 2314 691 2369 facile
734 2317 789 2368 in
832 2317 992 2386 plano
1033 2318 1275 2374 craffitiei
1322 2321 1698 2385 inflecteretur,
1748 2329 1862 2384 Ni-

184 2402 480 2456 hilominus
525 2400 778 2471 percuffio
820 2402 949 2454 facta
993 2404 1065 2458 est
1108 2404 1161 2457 in
1207 2405 1438 2473 globulis
1466 2452 1480 2474 ,
1523 2426 1647 2463 cum
1692 2431 1860 2483 prope

184 2488 544 2540 extremitates
587 2486 770 2554 virgae
811 2489 1089 2559 eidemque
1143 2492 1384 2559 contigui
1452 2495 1615 2550 effent
1681 2500 1856 2568 pofiti.

185 2575 311 2625 Imo
355 2588 531 2639 parem
580 2569 733 2624 habui
777 2572 1064 2627 successum
1113 2576 1165 2629 in
1229 2594 1420 2631 norma
1485 2586 1570 2634 sex
1637 2596 1854 2638 tantum

180 2656 399 2728 pollices
444 2655 638 2724 longa,
701 2673 875 2711 vnum
924 2659 1180 2730 pollicem
1226 2661 1329 2715 lata
1379 2677 1540 2732 atque
1586 2668 1712 2720 duas
1780 2671 1854 2725 li·

178 2756 296 2794 neas
337 2755 459 2792 cum
502 2741 721 2795 dimidia
763 2744 962 2812 crass‘a3
1026 2760 1093 2799 ex
1137 2745 1288 2816 ligno
1330 2748 1614 2808 durissimo
1677 2755 1808 2809 fasta
1838 2797 1854 2825 ‚

180 2840 307 2883 cum
354 2825 469 2881 eius
511 2825 846 2901 superficiem
889 2829 1145 2885 latiorem
1192 2849 1545 2906 percuterem.
1636 2839 1851 2896 Exinde

914 2914 962 2971 B
989 2917 1073 2976 bb
1121 2936 1155 2975 2
1216 2944 1220 2948 ·
1629 2923 1848 2984 intelli-
