2402 3329
660 185 1418 248 ANATOMICAE.
1750 201 1863 254 523

197 360 313 405 orta
341 387 356 415 ‚
407 346 459 401 in
507 353 746 397 ventrem
795 341 1010 396 flexoris
1059 339 1225 395 cubiti
1272 338 1502 407 abeunt,
1550 339 1704 393 cuius
1750 339 1875 394 illae

199 434 430 488 totidem
470 428 640 499 capita
688 430 958 493 referunt,
1026 426 1267 481 exterior
1311 436 1496 477 autem
1566 425 1621 477 in
1684 441 1875 496 apone-

197 518 463 573 vroticam
512 514 759 581 vaginam
810 510 1028 566 humeri
1071 510 1335 565 inseritur.
1382 510 1443 562 Iu
1476 507 1699 562 homine
1726 507 1877 562 facile

198 613 339 674 patet
368 640 382 664 ‚
448 598 752 669 respondere
809 598 1031 651 erecstori
1080 596 1248 649 leonis
1291 605 1497 668 partem
1545 595 1878 663 superiorem

199 683 514 740 ceruicalem
562 683 826 753 trapezii,
872 698 1003 752 quae
1047 683 1108 735 ab
1149 680 1252 734 offe
1314 680 1563 751 accipitis
1624 693 1677 730 et
1752 677 1882 744 liga-

198 784 386 824 mento
431 766 630 823 nuchae
677 779 793 821 orta
842 767 895 820 in
943 779 1151 838 partem
1199 765 1544 836 posteriorem
1603 761 1887 814 clanculae

198 856 447 909 inseritur
477 894 492 920 ,
540 868 672 923 quae
717 853 899 923 portio
943 868 1103 919 aeque
1134 891 1149 915 ‚
1212 865 1270 902 ac
1314 850 1428 903 felis
1486 847 1716 902 musculi
1748 889 1762 914 ‚
1828 845 1889 898 ab

201 938 300 992 illo
344 938 512 990 leonis
568 934 811 989 musculo
879 934 1084 1000 figurae
1152 932 1454 983 insertionis
1518 944 1571 981 et
1642 931 1882 982 muneris

203 1022 438 1091 respettu
485 1022 669 1074 differt.
790 1018 1078 1087 Trapezios
1144 1017 1442 1083 generatim
1506 1013 1598 1067 soli
1668 1012 1885 1068 homini

203 1108 450 1176 proprios
495 1103 591 1156 ess'e
638 1115 783 1173 putO.

402 1270 536 1322 Vsus
581 1268 741 1321 huius
787 1265 1012 1320 musculi
1061 1265 1243 1317 varius
1287 1266 1375 1319 est.
1461 1264 1720 1319 Primaria
1747 1261 2015 1317 aet-iovsus
2054 1263 2172 1308 eius-

203 1354 262 1408 in
307 1354 567 1407 erectione
611 1350 834 1407 ceruicis
873 1350 1120 1404 consistit.
1207 1349 1305 1405 Sed
1354 1349 1586 1406 notabile
1630 1350 1719 1415 est,
1775 1363 1886 1400 ma-
1909 1330 2026 1377 dem.

203 1452 373 1505 gnum
421 1437 563 1494 hunc
611 1436 915 1489 musculum
965 1453 1030 1488 eo
1099 1449 1324 1488 munere
1392 1451 1665 1505 nunquam
1735 1432 1889 1500 fungi

198 1522 384 1592 poste,
434 1519 532 1574 nifi
580 1521 634 1574 in
694 1519 960 1575 auxilium
1032 1518 1195 1572 simul
1268 1533 1545 1574 vocentur·
1596 1531 1649 1571 et
1717 1517 1889 1570 flexor

200 1604 297 1659 ille
340 1605 544 1673 cubiti,
592 1622 830 1676 quocum
863 1644 879 1672 ‚
921 1603 1075 1658 nullo
1135 1605 1238 1658 offe
1311 1604 1426 1659 fixo
1488 1604 1882 1666 intercedente,

203 1691 515 1756 coniunstus
559 1692 667 1760 est,
713 1707 769 1746 et
811 1692 917 1762 ipse
960 1704 1227 1744 anconeus
1272 1704 1511 1757 maguuS.
1585 1688 1734 1742 Nam
1792 1684 1894 1737 cla—

198 1758 376 1829 vicula
406 1817 420 1845 ‚
465 1792 599 1846 quae
641 1779 781 1831 inter
838 1777 1144 1830 erectorem.
1214 1775 1436 1828 ceruicis
1507 1785 1559 1826 et
1624 1772 1889 1827 flexorem

204 1860 371 1912 cubiti
415 1861 648 1930 suspensa
698 1859 908 1918 mobilis
955 1861 1134 1915 haeret
1163 1901 1178 1924 ,
1224 1860 1442 1913 nullum
1492 1858 1577 1912 illi
1622 1857 1889 1928 punctum

206 1940 382 1995 fixum
428 1945 759 2014 suppeditare
826 1946 1010 2010 potest.
1121 1945 1244 1993 Hoc
1313 1945 1483 2009 igitur
1551 1959 1577 1993 a
1648 1936 1890 1992 musculo

208 2022 413 2077 flexore
457 2030 697 2096 praestari
741 2023 904 2075 debet.
1014 2020 1109 2074 Sed
1182 2021 1283 2075 hoc
1351 2025 1528 2093 ipsum
1598 2020 1716 2077 fieri
1784 2018 1888 2076 noa

207 2109 378 2171 potest
407 2150 420 2173 ‚
463 2109 559 2161 nisi
607 2107 831 2173 cubitu5‚
876 2102 1018 2157 vnde
1065 2122 1230 2175 porro
1276 2105 1535 2160 flexorem
1583 2108 1734 2162 suam
1791 2106 1888 2159 fir·

214 2192 463 2244 mitatem
511 2202 683 2261 petere
723 2202 940 2260 oportet
970 2231 984 2256 ‚
1053 2206 1153 2260 ope
1219 2193 1442 2245 anconei
1515 2198 1696 2258 magni
1744 2191 1888 2244 fixus

211 2277 360 2346 prius
404 2276 630 2328 redditus
673 2276 847 2330 fuerit.
904 2274 1093 2348 Quum
1138 2291 1269 2329 vero
1311 2291 1369 2329 os
1414 2276 1630 2329 humeri
1676 2288 1892 2348 quoque

212 2374 264 2413 et
306 2359 718 2431 scapulamfi'xa
763 2361 861 2413 effe
903 2373 1166 2429 oporteat,
1212 2374 1274 2414 vt
1301 2360 1427 2414 vlna
1475 2360 1684 2416 firmari
1714 2374 1764 2414 et
1792 2375 1881 2413 an·

214 2459 401 2499 coneus
443 2461 595 2512 agere
641 2446 829 2516 poffitt,
876 2443 1030 2498 facile
1080 2458 1267 2514 patet,
1312 2449 1371 2501 ad
1432 2463 1594 2499 vnam
1664 2446 1892 2500 ereetio·

217 2545 338 2582 nem
388 2531 603 2583 ceruicis
646 2547 830 2584 omnes
877 2530 980 2583 fere
1025 2530 1294 2584 musculos
1338 2533 1754 2585 extremitatum
1799 2546 1891 2582 an·-

221 2614 480 2668 teriorum
527 2615 687 2669 simul
728 2630 1046 2671 concurrere
1090 2615 1273 2670 debere
1304 2657 1318 2680 ,
1361 2630 1416 2672 et
1461 2615 1617 2670 illum
1669 2629 1888 2669 motum

220 2700 438 2752 ceruicis
481 2699 585 2752 fine
629 2713 781 2755 motu
820 2700 1230 2754 extremitatum
1277 2703 1519 2756 exerceri
1568 2718 1673 2754 non
1733 2699 1892 2769 poffe‘.

222 2782 370 2855 Quae
416 2784 525 2838 sane
563 2786 747 2841 fabrica
795 2786 932 2841 haud
975 2797 1099 2857 apta>
1168 2786 1238 2840 est
1303 2788 1489 2841 multis
1549 2783 1772 2841 diuersis
1840 2795 1893 2837 et

876 2870 1048 2924 Vvv
1101 2888 1133 2922 2
1717 2870 1895 2924 deter-
