2402 3329
525 226 1079 291 FLVIDORVM
1150 227 1570 290 LINEARI.
1772 244 1894 301 339

216 400 432 461 tempus
472 381 669 457 preffio
709 397 811 454 pro
854 380 1030 436 lubitu
1076 383 1275 437 variari
1349 382 1530 454 potest.
1663 379 1901 436 Interim

217 487 395 530 tamen
435 471 497 524 ad
542 467 591 524 B
631 467 822 539 preffio
875 481 1139 541 perpetuo
1202 468 1307 523 erit
1373 468 1662 533 maxima,
1727 468 1909 527 sumto

212 559 360 615 enim
407 549 543 610 Σει
571 546 858 643 :fg-{2
903 568 962 608 vt
1009 552 1198 624 prestio
1242 555 1296 608 in
1342 553 1395 607 A
1460 552 1732 609 euanescat
1763 590 1779 618 ,
1846 551 1904 605 in

212 650 262 712 B
303 654 408 708 erit
453 667 514 706 ea
555 641 822 736 :0‘3-822
849 693 869 721 ‚
919 652 1094 727 sicque
1140 651 1197 706 in
1243 652 1512 725 temporis
1551 651 1761 706 ratione
1801 648 1906 705 du·

212 747 272 825 pl
291 762 408 808 cata
449 753 658 806 creicet.

683 825 1246 924 Scholion
1365 855 1422 905 1.

427 961 564 1013 132.
606 945 788 1003 Facile
833 962 1015 1002 autem
1064 946 1402 1015 intelligitur
1431 983 1448 1009 ‚
1512 942 1550 998 fi
1599 955 1680 999 res
1745 954 1911 1014 expe·

216 1031 463 1086 timentis
504 1030 819 1099 exploretur
861 1030 1300 1083 accelerationem
1347 1038 1533 1080 motus
1591 1026 1907 1097 neutiquam

216 1130 332 1171 tam
377 1116 618 1186 rapidam
659 1112 757 1167 effe
802 1113 1036 1166 futuram
1069 1153 1086 1180 ,
1131 1127 1299 1182 quam
1344 1109 1554 1165 calculo
1596 1111 1909 1165 inuenimus

218 1203 376 1254 cuius
422 1200 561 1254 ratio
603 1198 877 1252 manifesto
920 1200 974 1251 in
1018 1211 1085 1248 eo
1124 1197 1197 1251 est
1243 1194 1408 1266 posita
1437 1234 1453 1262 ,
1513 1196 1657 1266 quod
1733 1195 1911 1250 statim

219 1299 379 1357 atque
443 1298 577 1353 aqua
647 1283 754 1335 iam
824 1279 1165 1334 velocitatem
1224 1279 1516 1335 notabilem
1560 1278 1911 1350 acquifiuerit

222 1373 342 1422 eius
379 1367 522 1421 calor
562 1380 667 1418 non
717 1364 888 1417 iubito
930 1364 981 1417 se
1026 1364 1089 1417 ad
1136 1362 1367 1419 calorem
1425 1366 1536 1420 tubi
1602 1380 1912 1422 accommo-

219 1454 342 1507 dare
391 1449 605 1515 valeat,
668 1464 834 1518 eaque
884 1448 1107 1521 proinde
1156 1451 1436 1520 pristinam
1485 1462 1915 1523 temperaturam

206 1535 283 1602 *ad
323 1532 540 1604 aliquod
586 1546 804 1604 tempus
846 1534 1195 1600 construam,
1262 1537 1319 1589 in
1387 1534 1434 1592 B
1500 1535 1676 1607 magis
1739 1534 1913 1591 calida

212 1635 382 1694 quam
429 1617 627 1685 tubus,
693 1619 748 1671 in
800 1621 851 1674 A
898 1636 1031 1674 vero
1074 1620 1258 1673 minus
1308 1618 1377 1675 fit
1441 1620 1639 1679 futura.
1759 1620 1911 1677 Cum

217 1707 391 1776 igitur
434 1704 580 1758 idem
620 1703 836 1759 eueniat
877 1720 936 1759 ac
982 1703 1019 1759 ss
1065 1705 1258 1761 fractio
1311 1723 1348 1759 α
1419 1705 1600 1760 minor
1668 1704 1916 1760 reddere·

218 1804 309 1847 tur
336 1832 351 1860 ‚
419 1802 603 1843 motus
669 1805 884 1863 quoque
928 1789 1370 1845 accelerationem
1416 1789 1644 1844 relaxati
1688 1803 1916 1862 oporte·

214 1878 337 1945 bit,
401 1890 533 1946 quae
601 1887 780 1932 tamen
842 1880 1071 1932 omnino
1134 1877 1380 1946 extingui
1456 1877 1685 1947 nequit3
1751 1873 1917 1931 timul

214 1965 367 2018 enim
412 1974 570 2030 atque
615 1959 715 2014 hoc
754 1962 997 2017 eueniret
1027 2003 1042 2029 ,
1086 1973 1144 2013 et
1187 1978 1359 2033 aquae
1404 1973 1621 2032 tempus
1664 1961 1919 2034 suppete-

220 2060 304 2100 ret
349 2045 404 2095 in
448 2058 641 2112 quouis
683 2043 805 2094 loco
849 2047 959 2095 tubi
1004 2046 1243 2095 calorem
1316 2045 1608 2112 recipiendi
1642 2082 1659 2109 ,
1730 2055 1915 2096 motus

222 2129 291 2181 de
340 2139 482 2176 nouo
528 2124 605 2175 vti
655 2126 717 2175 ab
760 2123 919 2175 initio
962 2125 1354 2179 instauraretur.
1493 2126 1578 2179 Ex
1623 2141 1732 2196 quo
1790 2142 1913 2197 per-

223 2209 478 2280 spicuum
546 2205 662 2270 est,
723 2206 791 2258 ob
854 2206 986 2260 hanc
1052 2208 1264 2261 causam
1322 2220 1537 2262 motum
1586 2221 1804 2263 tantum
1848 2211 1915 2267 ad

226 2306 439 2348 certum
511 2304 674 2360 vsque
719 2292 943 2358 gradum
991 2291 1341 2349 acceleratum
1397 2296 1460 2347 iri
1508 2294 1560 2346 in
1607 2309 1714 2363 quo
1764 2298 1913 2351 dein·-

223 2396 350 2451 ceps
393 2389 655 2447 perpetuo
695 2373 759 2428 fit
807 2380 1222 2447 permansurus,
1288 2378 1545 2452 quamdiu
1592 2379 1791 2435 scilicet
1853 2383 1908 2438 in

231 2466 346 2537 ipso
391 2462 518 2513 tubo
559 2461 846 2515 discrimen
894 2462 1087 2517 caloris
1155 2464 1300 2520 inest.
1427 2463 1705 2538 Quoniam
1777 2481 1911 2523 vero

231 2550 358 2605 haec
404 2559 586 2598 motus
632 2546 930 2603 moderatio
973 2549 1034 2602 ab
1075 2565 1137 2602 ea
1182 2552 1386 2606 ratione
1410 2549 1748 2623 potistimum
1783 2568 1915 2621 pen·-

228 2638 361 2697 det,
423 2646 523 2701 qua
589 2634 738 2687 tubus
810 2649 932 2687 cum
982 2650 1156 2704 aqua,
1224 2635 1458 2707 haecque
1507 2635 1734 2690 viciflim
1782 2653 1912 2691 cum

230 2720 363 2775 tubo
407 2717 559 2769 suum
603 2716 817 2774 inlitum
863 2721 1055 2775 caloris
1099 2724 1325 2789 gradum
1384 2721 1758 2776 communicat
1820 2722 1913 2777 vbi

174 2864 177 2867 Α
232 2800 398 2860 fimul
440 2800 506 2855 ad
548 2801 825 2877 vtriusque,
869 2803 1084 2862 maffam
1132 2807 1320 2881 respici
1360 2820 1618 2881 oportet,
1686 2822 1754 2861 ex
1808 2808 1913 2863 sola

944 2891 990 2944 V
1021 2908 1057 2945 v
1087 2914 1142 2950 >2
1704 2890 1912 2950 theoria
