2402 3329
470 219 590 283 308
994 209 1150 270 DE
1241 208 1597 268 MOTV

459 362 689 418 eiecstum
742 364 845 417 erit
890 363 947 430 <1
978 355 1047 443 ξ’
1092 378 1150 416 ac
1195 364 1533 417 tantumdem
1576 377 1736 435 aquae
1788 361 1843 414 in
1872 357 2147 416 orificium

457 465 572 520 Aa
618 462 807 518 aduehi
853 463 1000 517 debet
1044 458 1316 515 celeritate
1382 463 1594 516 minore-
1660 475 1823 533 quam
1890 453 1972 504 ΞΘ-
2009 500 2024 526 ,
2089 459 2152 513 ad

1891 517 1980 542 CCC

460 567 605 635 quod
653 555 860 622 minori
907 565 966 621 vi
1007 562 1269 637 peculiari
1311 579 1450 636 opus
1492 563 1564 617 est
1607 574 1766 633 quam
1812 559 1926 614 casu
2003 574 2152 632 prae-

459 649 689 708 cedente.

1001 742 1441 820 CorolL
1562 769 1621 839 3

663 901 761 951 99.
805 883 898 942 Sin
943 897 1129 938 autem
1172 883 1451 938 orificium
1499 882 1742 955 superius
1776 878 1831 953 ff
1869 881 2047 933 minus
2089 877 2155 933 fit

457 985 622 1042 quam
668 971 887 1023 inferius
934 985 1040 1032 cc,
1091 969 1268 1034 prodit
1309 969 1360 1042 ᾗ
1475 968 1519 1045 ‘²13-
1546 1010 1560 1031 ‚
1603 979 1656 1018 et
1695 965 1963 1018 volumen
1993 979 2155 1035 aquae

457 1081 572 1119 ‘vno
620 1063 837 1115 minuto
881 1056 1108 1110 secundo
1155 1053 1350 1110 eiedhie
1395 1059 1460 1110 fit
1513 1052 1674 1135 >Ea-5
1707 1097 1721 1123 ,
1785 1060 1857 1110 ita
1922 1073 1984 1111 vt
2051 1061 2155 1114 hoc

457 1163 626 1218 modo
672 1161 791 1231 plus
834 1172 996 1229 aquae
1043 1155 1283 1210 eleuetur
1323 1170 1485 1226 quam
1535 1155 1649 1206 casu
1699 1146 1879 1224 primu
1914 1153 2160 1227 ffzcc3

455 1263 657 1304 verum
704 1246 868 1298 etiam
915 1255 1064 1297 tauto
1111 1241 1230 1313 plus
1279 1256 1443 1311 aquae
1486 1256 1514 1292 a
1580 1240 1639 1293 vi
1714 1237 1806 1292 illa
1876 1242 2162 1310 peregrina

459 1335 518 1390 in
561 1331 838 1388 orificium
890 1330 940 1387 A
968 1346 1032 1398 a,
1080 1327 1236 1400 idque
1292 1325 1489 1382 maiori
1536 1323 1809 1382 celeritate
1857 1341 2025 1398 quam
2071 1319 2150 1366 ¹2²-

2071 1379 2122 1406 “C
2138 1378 2158 1405 C

460 1428 656 1488 aduehi
697 1426 859 1486 debet.

1026 1571 1593 1653 Schosson.

674 1737 810 1777 100.
858 1719 1082 1775 Mirum
1125 1723 1295 1791 igitur
1342 1737 1448 1774 non
1512 1720 1665 1778 debet
1729 1716 1946 1789 videri,
2014 1718 2163 1790 quod

465 1804 528 1859 ab
568 1803 750 1856 eadem
798 1804 854 1856 vi
903 1804 1212 1859 machinam
1261 1819 1514 1859 mouente
1560 1807 1725 1858 modo
1770 1805 1943 1856 maior
1999 1803 2167 1857 modo

467 1889 654 1944 minor
699 1902 865 1958 aquae
915 1890 1071 1958 copia
1114 1892 1178 1944 ad
1223 1889 1444 1942 eandem
1489 1886 1834 1940 altitudinem
1880 1886 2119 1938 eleuetur
2146 1925 2164 1954 ‚

465 1983 635 2044 prout
679 1971 917 2042 superius
963 1972 1238 2028 orificium
1285 1972 1388 2026 00
1433 1972 1597 2025 fuerit
1641 1972 1815 2024 maius
1856 1971 1945 2024 vel
1987 1969 2165 2023 minus

467 2059 721 2111 inferiore
762 2062 890 2109 Aa.
976 2056 1030 2110 Si
1079 2060 1226 2109 enim
1275 2057 1554 2119 integrum
1617 2055 1866 2107 effectum
1939 2069 2162 2124 perpen-

464 2143 590 2197 dere
657 2136 937 2204 velimuS‚
1008 2140 1174 2192 etiam
1246 2137 1451 2203 integra
1518 2138 1664 2187 causa
1725 2137 1797 2189 est
1844 2137 2164 2206 speetanda,

465 2242 601 2298 quae
646 2223 871 2276 habetur
899 2265 913 2291 ,
959 2222 997 2276 fi
1044 2225 1105 2278 ad
1153 2239 1273 2278 eam
1320 2224 1441 2272 vim
1472 2261 1487 2287 ,
1550 2235 1652 2290 qua
1695 2217 2001 2275 machinam
2046 2225 2165 2291 agi-

467 2312 571 2364 tari
616 2308 926 2363 assumimus
954 2351 968 2378 ,
1014 2310 1225 2381 insuper
1270 2308 1593 2373 adiungatur
1671 2304 1764 2359 illa
1831 2308 1917 2361 vis
1945 2347 1960 2372 ,
2035 2323 2168 2377 quae

468 2396 533 2449 ad
597 2410 790 2465 aquam
864 2394 1126 2448 continuo
1195 2394 1250 2446 in
1325 2390 1605 2445 orificium
1655 2390 1767 2443 Aa
1814 2393 2162 2462 ingerendam

467 2479 814 2553 requiritur,
882 2478 981 2534 hae
1031 2493 1217 2533 autem
1263 2479 1444 2532 ambae
1493 2475 1633 2528 vires
1679 2475 1908 2530 iund‘tim
1957 2480 2164 2531 sumtae

468 2582 536 2621 eo
581 2569 699 2620 casu
745 2579 854 2635 quo
899 2566 1083 2620 minor
1128 2579 1293 2636 aquae
1337 2560 1486 2628 copia
1529 2558 1767 2612 eleuatur
1811 2562 1999 2627 vtique
2051 2561 2166 2615 mi-

469 2667 660 2706 norem
710 2649 958 2720 praebent
1002 2651 1278 2703 summam
1348 2660 1510 2715 quam
1585 2644 1763 2698 altero
1828 2646 1990 2713 casn,
2057 2662 2168 2718 quo

472 2734 646 2789 maior
712 2733 863 2805 copia
931 2733 1222 2796 eleuatur,
1288 2729 1360 2781 ita
1431 2741 1492 2782 vt
1556 2728 1645 2784 hic
1687 2728 1821 2783 nihil
1867 2743 2160 2800 occurrat,

472 2817 615 2893 quod
655 2817 968 2890 aequalitati
1014 2819 1156 2873 inter
1200 2814 1408 2871 causam
1456 2827 1510 2871 et
1554 2815 1804 2874 effectum
1847 2818 2166 2873 aduersetur.

2010 2900 2162 2976 Qw
