2402 3329
455 236 477 270 1
490 232 529 282 4
866 209 977 268 DE
1043 208 1425 272 MENSVRA
1481 205 1743 270 SORTIS

452 377 533 420 ter
600 365 728 438 poni
773 359 1048 454 ηις-’.ζῇ
1110 379 1273 437 atque
1341 380 1598 420 numerus
1668 361 1972 437 puellarum
2033 360 2142 418 siue

459 463 661 519 2N--
683 478 830 516 m:
858 450 961 546 mab
1005 463 1073 516 fic
1123 477 1186 516 vt
1230 460 1386 514 ambo
1453 459 1666 513 numeri
1734 458 1836 512 fint
1907 460 1963 514 in
2031 458 2140 529 ipsa

458 561 663 615 ratione
704 576 736 612 a
782 558 842 610 ad
888 558 967 624 b,
1009 555 1150 628 quod
1197 554 1378 624 ipsum
1426 551 1687 606 formulas
1731 550 1928 604 nostras
1990 568 2146 621 egre

454 646 540 714 gie
581 642 893 698 confirmat.

655 750 698 815 ξ.
753 765 845 806 10.
909 747 996 804 Sic
1066 749 1233 818 igitur
1304 744 1360 798 in
1424 743 1681 817 exemplo
1759 742 1971 811 nostro,
2039 756 2151 814 quo

458 835 732 906 posuimus
782 853 813 886 2
848 833 897 888 N
929 851 998 889 z:
1031 849 1230 889 20000
1268 871 1283 898 ‚
1356 831 1596 884 maxima
1667 827 2003 899 probabilitas
2073 828 2153 879 in-

459 922 592 977 cidit
640 922 694 973 in
745 933 1046 972 numerum
1091 934 1233 973 mr:
1268 922 1514 985 102683
1561 912 1706 970 vltra
1747 915 1980 985 citraque
2007 911 2155 966 hunc

468 1000 655 1059 locum
704 1004 1042 1075 probabilitas
1087 1002 1339 1057 decrescit
1366 1042 1380 1068 ,
1425 1003 1486 1054 ab
1530 1000 1695 1058 initio
1758 999 1974 1072 quidem
2046 994 2156 1050 len-

466 1091 662 1143 tiffime
693 1128 707 1153 ‚
756 1089 943 1139 deinde
989 1087 1187 1152 citiuS‚
1237 1099 1374 1136 mox
1417 1085 1737 1135 enormiter.
1831 1083 2159 1136 Notabimus

467 1170 559 1227 hic
608 1173 662 1225 in
711 1170 936 1226 transitu
984 1171 1124 1238 quod
1175 1167 1440 1239 punctum
1489 1166 1621 1220 illud
1649 1209 1662 1235 ,
1707 1164 1771 1218 de
1815 1181 1922 1236 quo
1966 1167 2009 1231 §.
2051 1166 2162 1232 §.4

460 1270 515 1317 et
566 1270 593 1321 5
644 1257 929 1320 diximuS,
975 1255 1066 1307 vbi
1110 1254 1292 1307 eadem
1342 1249 1407 1303 fit
1453 1250 1793 1319 probabilitas
1839 1267 1941 1320 pro
2006 1264 2160 1305 vtra-

460 1360 562 1417 que
606 1338 894 1412 hypothesi
936 1382 952 1405 ‚
990 1337 1055 1392 fit
1102 1339 1157 1390 in
1229 1335 1410 1390 medio
1476 1335 1714 1404 positum
1788 1335 1929 1387 inter
1999 1335 2162 1391 ambo

461 1426 654 1497 puncta
707 1426 981 1479 maximae
1032 1420 1415 1495 probabilitatis
1440 1435 1538 1488 pro
1579 1433 1803 1488 Vtraque
1831 1417 2156 1489 hypothefi3

462 1515 534 1569 est
577 1510 774 1567 scilicet
821 1524 921 1582 pro
964 1505 1067 1562 hoc
1127 1505 1327 1578 puncto
1361 1518 1739 1569 n1z10134,
1782 1489 1877 1574 qui
1903 1518 2163 1558 numerus

468 1600 676 1653 medius
720 1596 790 1652 est
838 1597 976 1648 inter
1030 1611 1226 1647 10000
1272 1601 1326 1643 et
1380 1593 1573 1644 10268
1619 1601 1778 1659 atque
1847 1584 1974 1640 haec
2036 1604 2137 1659 pro

467 1685 660 1757 prietas
703 1678 1016 1750 generaliter
1067 1677 1252 1736 locum
1289 1675 1466 1742 habet,
1508 1673 1547 1728 fi
1574 1689 1741 1769 pirna
1770 1670 1832 1726 fit
1856 1671 2158 1729 differentia

467 1772 610 1825 inter
652 1783 686 1820 a
730 1779 783 1820 et
831 1764 879 1819 h.

671 1870 712 1935 ξ.
769 1885 858 1922 11.
929 1864 1175 1927 Maxime
1242 1863 1496 1925 conducit
1560 1862 1855 1932 praefatum
1926 1859 2162 1929 locum,

476 1958 569 2028 qui
615 1955 739 2010 facit
786 1945 1066 2038 vla-2:232}
1109 1964 1162 2005 et
1209 1967 1308 2021 pro
1350 1963 1458 2020 quo
1505 1949 1744 2001 maxima
1790 1947 1966 2000 oritur
2033 1963 2164 2017 pro-

477 2052 733 2115 babilium,
778 2048 1104 2103 considerare
1131 2061 1382 2118 tanquam
1424 2043 1682 2117 punctum
1731 2042 1905 2096 fixum
1950 2056 2163 2097 omnes-

481 2155 584 2212 que
627 2133 860 2190 calculos
910 2136 982 2188 ita
1031 2149 1226 2204 ponere
1280 2142 1343 2185 vt
1401 2128 1639 2183 distantia
1708 2128 1768 2181 ab
1814 2128 1915 2181 hoc
1961 2125 2164 2197 puncto

479 2236 733 2292 tanquam
778 2233 806 2269 a
848 2232 1034 2272 centro
1079 2218 1284 2270 virium
1362 2213 1742 2268 examinetur:
1811 2227 1945 2284 quae
2009 2212 2161 2265 enim

478 2307 617 2362 dicta
704 2305 821 2357 sunt
889 2303 1130 2355 nondum
1213 2300 1333 2354 satis
1421 2308 1743 2364 computum
1847 2295 2161 2347 subleuant:

481 2391 653 2460 igitur
695 2399 858 2458 opera
903 2384 1068 2437 danda
1110 2385 1181 2436 est
1225 2394 1288 2434 vt
1332 2394 1432 2449 pro
1476 2380 1669 2448 quouis
1713 2376 1886 2432 indice
1927 2378 2054 2431 dato
2111 2392 2161 2429 m

483 2472 818 2548 probabilitas
858 2467 1091 2523 formula
1137 2465 1313 2537 aliqua
1355 2461 1573 2518 definita
1615 2462 2027 2528 determinetur,
2071 2461 2166 2515 sal-

481 2574 592 2615 tem
641 2573 802 2631 quam
849 2556 1101 2625 proxime
1141 2549 1574 2644 quandoquidem
1640 2547 1694 2602 id
1759 2547 1915 2600 omni
1984 2549 2165 2615 rigore

487 2645 609 2699 fieri
651 2641 845 2711 nequit.
930 2640 1081 2694 Hanc
1126 2638 1274 2691 viam
1323 2633 1463 2686 iniui
1539 2632 1595 2685 in
1663 2631 1848 2704 primo
1911 2630 2166 2688 schedias-

488 2741 631 2785 mate
673 2743 769 2780 nec
813 2737 953 2778 certe
1009 2722 1118 2776 fine
1172 2717 1436 2786 succeffu3
1504 2732 1608 2789 qua
1672 2717 1738 2771 de
1793 2731 1849 2769 re
1914 2718 2165 2772 videatur

489 2814 674 2888 primo
722 2807 1089 2883 paragraphus
1132 2806 1392 2879 quintu53
1432 2803 1618 2859 deinde
1661 2802 1897 2861 decimus
1935 2803 2165 2858 ostanus,

1978 2889 2021 2954 §.
2070 2900 2161 2941 12..
