2402 3329
473 238 551 289 4⁴2
1048 209 1199 277 »2223
1244 204 1262 283 (
1308 229 1343 265 0
1386 211 1407 275 )
1448 206 1599 276 &223⁰-

1279 355 1377 432 V.

465 494 631 583 De
736 497 1131 576 Leone.
1251 472 2165 578 Obseruationes

939 613 1690 688 anatomieae.

614 785 960 868 Aueiae
1017 792 1094 871 C.
1149 791 1227 870 F.
1293 783 1563 869 Wolff
1619 817 1788 899 pag.
1855 813 2017 892 517.

545 1017 574 1052 n
621 999 934 1069 inquirenda
1005 1002 1258 1057 strmst'ura
1331 1002 1572 1073 corporis
1639 1002 1807 1057 leonis
1871 1021 1994 1059 eum
2071 1001 2165 1058 fibi

581 1083 798 1152 scopum
851 1087 1129 1152 proposuit
1173 1085 1317 1137 Clar.
1370 1090 1579 1138 Auitor
1609 1126 1625 1151 ‚
1694 1103 1754 1140 vt
1788 1126 1803 1152 ‚
1859 1105 1991 1155 quae
2037 1087 2166 1159 huic

471 1167 696 1219 animali
741 1163 1030 1234 singularia
1073 1180 1128 1220 et
1168 1170 1384 1240 propria
1425 1169 1600 1224 essent
1626 1209 1639 1235 ‚
1697 1185 1931 1242 quaeque
1973 1172 2034 1223 ad
2082 1171 2168 1224 in-

473 1249 784 1320 telligendas
873 1266 1092 1318 magnas
1173 1254 1413 1308 eiusdem
1497 1255 1641 1307 vires
1693 1294 1710 1320 ,
1799 1267 2100 1326 ceterasque
2153 1296 2170 1323 ,

470 1337 663 1406 quibus
711 1335 1011 1406 praeditum
1052 1336 1123 1389 est
1151 1377 1164 1402 ‚
1235 1349 1458 1390 naturae
1500 1338 1647 1391 dotes
1676 1369 1720 1405 ‚-
1760 1340 1999 1392 conferre
2046 1355 2170 1405 pos-

458 1421 579 1476 sent
608 1462 623 1488 ‚
695 1433 906 1473 notaret
934 1460 949 1486 ‚
1021 1433 1191 1475 cetera
1222 1462 1237 1489 ‚
1295 1437 1429 1491 quae
1473 1420 1566 1474 vel
1614 1428 1932 1476 communia
1979 1422 2170 1493 pleris-

470 1520 575 1576 que
619 1505 936 1558 animalibus
982 1518 1033 1558 et
1085 1503 1301 1561 homini
1346 1505 1560 1574 forent,
1631 1506 1722 1560 vel
1771 1506 1910 1560 nihil
1959 1509 2169 1576 prorsus

474 1593 535 1647 in
580 1590 936 1645 fundtionibus
978 1591 1192 1646 efficere
1239 1591 1443 1663 possent
1471 1631 1486 1660 ‚
1548 1590 1868 1646 considerate
1947 1593 2172 1647 omitte-

474 1686 579 1730 ret.
667 1676 882 1728 Viscera
929 1675 1044 1730 ideo
1086 1694 1194 1731 non
1242 1679 1404 1731 modo
1434 1718 1449 1744 ‚
1503 1676 1582 1732 sed
1631 1676 1914 1748 praecipue
1957 1693 2172 1750 quoque

477 1760 743 1817 musculos
786 1764 1200 1816 extremitatum
1245 1765 1576 1817 anteriorum
1623 1775 1678 1816 et
1722 1779 1913 1817 neruos
1974 1765 2171 1818 scruta-

474 1860 563 1900 tus
631 1846 702 1900 est
743 1888 757 1914 ‚
832 1846 1275 1920 singularumque
1344 1850 1580 1919 partium
1648 1846 1964 1902 strusturam
2033 1865 2167 1904 cum

470 1932 735 1986 structura
784 1929 1025 1986 hominis
1071 1946 1126 1986 et
1191 1933 1308 1987 felis
1352 1934 1703 2005 comparauit.
1792 1932 1858 1987 In
1907 1930 2005 1986 hac
2051 1937 2172 2004 qui-

475 2016 603 2070 dem
649 2017 1010 2072 dissertatione
1057 2017 1272 2072 nonnisi
1318 2020 1548 2073 musculi
1593 2030 1649 2072 et
1717 2018 1871 2071 nerui
1948 2018 2172 2072 tradun-

479 2113 584 2158 tur.
698 2103 969 2175 Reliqua,
1036 2103 1176 2160 inter
1246 2120 1379 2176 quae
1422 2105 1708 2177 praecipue
1773 2101 2166 2159 obseruationes

478 2185 741 2259 quaedam
787 2190 850 2242 de
892 2187 1050 2242 corde
1093 2202 1148 2242 et
1196 2189 1406 2260 plenior
1471 2189 1753 2259 descriptio
1819 2186 2173 2243 valuularum

479 2270 742 2324 veficulae
787 2271 968 2327 felleae
1012 2273 1295 2342 eminent,
1363 2274 1426 2327 ad
1470 2275 1642 2325 alium
1689 2274 1934 2325 Tomum
1997 2286 2169 2325 trans·

480 2358 734 2411 ferentur.

685 2479 772 2537 De
818 2480 1111 2552 muscum,
1151 2483 1247 2556 qui
1290 2482 1476 2537 ordine
1520 2480 1919 2551 pertractantur
1946 2524 1961 2551 ‚
2015 2497 2176 2552 gene-

481 2566 645 2622 ratim
717 2566 949 2621 notabile
1011 2571 1125 2634 est,
1191 2584 1389 2622 eorum
1458 2565 1733 2637 plerosque
1803 2569 2022 2623 craffitie
2065 2585 2173 2623 non

484 2655 651 2706 modo
691 2662 743 2703 et
791 2652 979 2706 robore
1024 2653 1250 2721 insignes
1308 2653 1447 2718 effe,
1514 2652 1675 2721 (quod
1743 2652 1988 2723 suspicari
2054 2655 2178 2726 qui-

485 2737 609 2790 dem
653 2733 804 2789 facile
850 2737 1099 2806 potuiffes
1140 2733 1157 2809 )
1199 2737 1279 2791 sed
1327 2737 1403 2790 ita
1451 2752 1663 2809 quoque
1709 2740 1814 2791 fere
1858 2755 2041 2794 omnes
2087 2741 2174 2791 in-

484 2822 665 2877 veniri
709 2819 1004 2895 applicatos
1048 2823 1151 2878 suis
1211 2821 1443 2892 offibu5‚
1511 2834 1575 2878 vt
1637 2821 1760 2879 inde
1822 2824 1985 2880 etiam
2056 2838 2175 2876 ma-

2001 2920 2176 2980 gnum
