2402 3329
464 234 587 320 μᾶ
996 229 1149 288 DE
1244 222 1605 289 MOTV

458 383 725 441 maiorem
775 382 1006 460 propelli
1052 381 1217 454 solet,
1259 381 1584 459 plerumque
1655 375 1891 441 altitudo*
1949 374 2145 440 antliae

450 470 580 549 ⁸satis
625 489 787 542 parua
832 474 929 528 esse
973 471 1142 535 solet,
1191 472 1367 525 ita-vt
1413 471 1504 527 iile
1546 471 1689 526 casus
1735 484 1905 525 tantae
1952 470 2145 525 altitu-

451 555 594 609 dinis
637 558 950 630 neutiquam
997 557 1182 611 locum
1229 555 1456 624 habeat,
1501 571 1668 631 neque·
1718 556 1898 611 multo
1972 556 2150 618 minus

459 638 527 693 sit
574 646 911 711 verendum,
957 655 1019 696 vt
1074 654 1208 712 aqua
1274 643 1556 697 embolum
1626 642 1886 712 sequatur.
1995 636 2149 694 'sales

460 723 653 782 antliae
698 730 755 782 in
797 729 1026 783 sestione
1072 726 1167 781 Cc
1209 725 1564 798 diaphragma
1636 726 1826 780 habent
1888 726 2149 781 foramine

459 812 743 882 pertusum
811 814 955 885 quod
1023 810 1246 867 valuula
1288 814 1459 867 mita
1527 813 1819 883 operitur,
1880 825 1943 865 vt
2012 813 2151 867 dum

457 896 703 952 embolus
768 905 962 967 aquam
1024 896 1289 962 attrahit,
1353 898 1580 952 valuuia
1625 898 1774 963 haec
1839 897 2153 968 aperiatur,

463 995 624 1048 aquae
672 970 911 1032 inferiori
961 981 1111 1031 viam
1178 981 1485 1032 ascendendi
1556 984 1884 1047 patefaciens,
1996 984 2151 1036 Tum

455 1077 590 1116 vero
644 1061 970 1132 plerumque
1041 1058 1169 1112 haec
1240 1061 1399 1113 festio
1445 1059 1544 1114 Cc
1602 1078 1723 1114 *non
1767 1066 1823 1115 in
1873 1058 2152 1132 superficie

455 1161 616 1217 aquae
662 1147 950 1216 stagnantis
992 1145 1073 1200 Ee
1118 1144 1199 1200 sed
1244 1144 1306 1198 ad
1352 1146 1619 1218 quandam
1663 1145 2007 1200 altitudinem
2054 1147 2158 1203 AC

456 1230 615 1305 supra
678 1248 797 1288 eam
843 1232 1136 1299 statuitur,
1205 1244 1370 1301 prout
1439 1232 1871 1287 circumstantiae
1940 1233 2160 1301 exigere

461 1320 757 1389 videntur,
800 1319 873 1373 ita
919 1329 981 1373 vt
1029 1315 1244 1371 inferior
1289 1315 1417 1371 haec
1468 1315 1575 1371 tubi
1623 1333 1740 1386 pars
1778 1316 1905 1374 CA
1953 1320 2161 1390 semper

460 1423 589 1477 aqua
638 1417 851 1459 maneat
896 1392 1053 1479 plena
1099 1401 1357 1474 indeque
1375 1402 1429 1456 in
1475 1392 1807 1475 superiorem
1864 1404 2161 1460 cauitatem

462 1490 531 1546 fit
570 1491 881 1546 haurienda.
969 1489 1054 1546 Ob
1103 1488 1290 1544 huuc
1319 1501 1502 1545 autem
1575 1490 1769 1545 tubum
1837 1504 2161 1558 annexum,

464 1575 505 1630 si
553 1578 668 1631 eius
714 1576 1065 1632 altitudinem
1135 1576 1288 1644 super
1355 1592 1489 1649 aqua
1559 1575 1825 1647 stagnante
1901 1590 2164 1647 ponamus

463 1660 718 1718 ACzoz
765 1674 1010 1717 manente
1054 1659 1109 1714 in
1156 1660 1419 1731 superiori
1465 1661 1636 1733 spatio
1679 1658 1955 1728 COzx,
2002 1677 2165 1733 prae-

464 1749 654 1800 cedens
698 1746 1080 1801 determinatio
1133 1744 1373 1816 aliquam
1445 1750 1809 1804 mutationem
1884 1746 2163 1819 postulat,

942 1826 1298 1900 4g(fudx-—
1245 1848 1458 1886 -—--otx
1411 1829 1916 1894 —(1-l—d)hx-;
1930 1835 2064 1893 xx)

1306 1926 1342 1981 h
1369 1939 1453 1989 —†-
1481 1946 1517 1981 α
1543 1937 1619 1991 -ὶ-
1642 1941 1680 1980 x
2115 1902 2165 1938 ²-

469 2013 972 2088 quidemuinfcrior
1039 2012 1198 2067 tubus
1268 2012 1399 2068 CA
1467 2011 1533 2065 fit
1596 2027 1759 2081 aeque
1827 2010 2038 2083 amplus
2106 2028 2165 2068 ac

466 2099 703 2170 superior
748 2096 863 2160 BC,
907 2096 984 2148 fin
1029 2109 1214 2148 antem
1265 2094 1387 2147 effet
1435 2093 1678 2160 amplior
1739 2096 1792 2145 in
1840 2096 2167 2150 denomina-

466 2195 580 2238 tore
627 2183 900 2253 quantitas
948 2197 982 2231 α
1033 2181 1212 2233 minor
1254 2177 1423 2247 accipi
1467 2177 1718 2242 deberet,
1787 2191 1976 2231 contra
2035 2194 2169 2235 vero

470 2271 647 2324 maior
697 2312 711 2335 ,
801 2267 1235 2338 quandoquidem
1326 2262 1454 2317 haec
1533 2275 1652 2332 pars
1731 2277 1801 2314 ex
1866 2264 2167 2335 quantitate

470 2346 738 2438 Ozsff
801 2353 1034 2407 nascitur
1106 2352 1163 2405 in
1233 2361 1577 2407 numeratore
1654 2361 1789 2402 vero
1857 2351 2064 2421 semper
2128 2368 2166 2404 οι

469 2449 641 2523 ipsam
688 2452 1032 2507 altitudinem
1081 2452 1131 2506 A
1163 2449 1209 2506 C
1253 2451 1483 2506 denotat.
1598 2444 1831 2519 Quando
1877 2465 2014 2504 vero
2053 2464 2169 2504 em-

470 2537 618 2593 bolus
663 2541 755 2594 Oo
798 2540 861 2592 ad
904 2552 1110 2593 certam
1158 2536 1500 2591 altitudinem
1550 2532 1712 2585 fuerit
1758 2534 2000 2587 eleuatus
2043 2548 2167 2588 tum

473 2624 681 2679 iterum
728 2625 1102 2694 deprimitur,
1149 2621 1417 2690 simulque
1463 2614 1680 2672 valuula
1737 2636 1785 2673 m
1854 2619 2167 2688 clauditur,

476 2710 670 2763 antliae
713 2724 892 2763 autem
945 2711 1077 2762 infra
1122 2707 1347 2764 insertus
1387 2703 1458 2757 est
1503 2702 1639 2756 alius
1681 2702 1862 2758 DdV
1890 2721 1926 2758 v
1956 2748 1971 2774 ,
2016 2709 2167 2761 cuius

476 2793 758 2850 orificium
804 2793 923 2848 Dd
964 2791 1216 2846 haetenus
1259 2805 1362 2860 ope
1404 2787 1651 2843 valuulae
1695 2805 1727 2844 n
1770 2803 1882 2846 erat
1925 2791 2164 2848 cla'usum

480 2895 624 2946 nunc
663 2893 796 2934 vero
833 2878 1053 2934 embolo
1094 2873 1329 2950 depresso
1372 2876 1611 2949 aperitur
1636 2918 1652 2947 ,
1718 2887 1782 2932 vt
1847 2893 1980 2949 aqua
2046 2887 2169 2931 ante

1988 2961 2167 3019 hausta

466 1901 569 1958 qua
637 1884 702 1939 fit
769 1901 928 1942 vv:
