2402 3329
294 324 403 379 DE
423 314 613 377 ICTV
639 308 1073 370 GLANDIVM
1100 310 1424 370 CONTRA
1450 313 1724 369 TABVL.
1770 328 1890 381 '415

212 473 548 528 mensuratur
591 466 831 539 pondere
874 466 1116 520 eiusdem
1157 464 1375 535 glandis,
1476 463 1637 537 Quod
1705 477 1893 521 autem

208 560 270 613 ad
313 556 546 624 figuram
593 552 795 622 glandis
837 553 1031 607 attinet
1059 592 1074 618 ,
1118 553 1231 605 eius
1276 550 1415 605 ratio
1462 547 1552 603 1116
1597 550 1696 604 vix
1740 550 1898 607 habe·

215 655 322 710 tur,
365 640 667 695 dummodo
709 643 931 693 eandem
981 637 1227 708 figuram
1278 636 1521 691 retineat,

394 789 468 849 11.
512 790 707 848 Statim
756 806 914 864 atque
960 794 1108 864 glans
1151 788 1384 846 tabulam
1429 788 1586 842 ferire
1655 788 1849 861 incipit
1879 829 1898 857 ,

196 873 299 930 1106
344 879 448 931 erit
490 880 710 934 initzum
759 880 936 947 ictus,
985 897 1019 933 a
1068 893 1177 947 quo
1249 890 1494 947 tempora
1564 876 1900 945 computabi-

198 977 338 1020 mus,
429 964 692 1018 Ponamus
736 981 866 1035 ergo
909 965 969 1019 ab
1024 961 1130 1017 1106
1202 963 1407 1025 1111110,
1478 960 1588 1011 iam
1655 959 1895 1030 elapsum

196 1047 296 1101 effe
339 1060 361 1101 t
409 1050 629 1102 minut:
673 1050 901 1101 secund:
929 1088 944 1113 ,
1001 1045 1377 1116 quaeriturque
1422 1057 1702 1113 quousque
1749 1059 1891 1098 nunc

200 1131 350 1200 glans
395 1133 449 1185 in
497 1131 733 1186 tabulam
783 1134 1147 1204 penetrauerit
1176 1170 1191 1196 ‚
1237 1142 1502 1202 ponamus
1545 1142 1679 1195 ergo
1737 1128 1892 1196 glan-

199 1216 320 1270 dem
368 1217 430 1270 ad
476 1217 895 1287 profunditatem
945 1234 1014 1272 ς.-
1043 1231 1081 1268 x
1129 1210 1410 1283 penetrasse
1457 1223 1512 1262 et
1555 1227 1727 1281 quum
1796 1214 1899 1267 hoc

198 1300 263 1354 fit
306 1302 538 1369 spatium
597 1320 624 1355 a
690 1302 878 1370 glande
951 1311 1198 1365 tempore
1268 1308 1293 1349 t
1360 1297 1722 1364 percursam,
1788 1298 1893 1352 erit

198 1385 439 1440 celeritas
485 1385 688 1454 glandis
731 1386 833 1438 1106
878 1394 1163 1437 momento
1207 1370 1261 1464 ’ἐξ
1304 1381 1523 1451 eiusque
1580 1378 1892 1439 acceleratio

197 1476 485 1575 :ffag-{ffi
512 1525 527 1551 ‚
572 1485 752 1539 sumto
797 1483 1068 1538 elemento
1131 1480 1212 1534 dc
1279 1480 1547 1536 constante
1581 1522 1596 1549 ,
1655 1482 1741 1535 cui
1814 1483 1901 1537 vis

197 1580 433 1636 resistens
478 1583 726 1649 negatiue
773 1582 948 1635 sumta
994 1578 1145 1635 debet
1189 1578 1289 1632 effe
1331 1574 1575 1647 aequalis·
1616 1578 1895 1633 Animum

197 1680 374 1722 autem
424 1666 516 1720 hic
563 1666 914 1723 abstrahimus
957 1682 985 1719 a
1032 1665 1297 1735 grauitate
1345 1662 1586 1731 glandi5‚
1633 1679 1736 1733 qua
1786 1665 1906 1718 eius

199 1766 379 1821 motus
424 1755 790 1821 incur-natur,
832 1752 1033 1824 quippe
1080 1750 1175 1823 qui
1220 1747 1438 1804 effeetus
1482 1748 1540 1801 in
1581 1746 1684 1803 hoc
1728 1747 1900 1821 phae-

195 1854 438 1894 nomeno
480 1838 683 1894 nullius
724 1840 797 1895 est
843 1837 1135 1893 momenti.

393 1990 500 2047 111.
548 1994 739 2067 Quum
786 2008 928 2048 nunc
969 1991 1118 2061 glans
1159 1989 1220 2044 ad
1269 1986 1689 2059 profunditatem
1736 2004 1804 2040 z
1834 2001 1909 2053 aer

203 2070 258 2122 in
303 2071 538 2128 tabulam
586 2079 972 2146 penetrauerit‚
1017 2090 1176 2141 quam
1223 2072 1441 2139 quidem
1489 2070 1578 2122 hic
1617 2070 1890 2122 minorem

199 2154 309 2223 ipsa
354 2158 577 2211 craffitie
623 2156 826 2208 tabulae
868 2155 1183 2206 affumimus
1211 2193 1225 2218 ‚
1267 2147 1434 2222 posita
1476 2153 1623 2206 enim
1669 2151 1896 2206 craffitie

202 2234 411 2295 tabulae
433 2258 533 2305 za,
579 2237 738 2293 fimul
785 2254 842 2291 ac
887 2237 952 2292 fit
995 2254 1136 2307 xza,
1182 2235 1329 2305 glans
1354 2251 1447 2307 per
1475 2236 1710 2292 tabulam
1735 2237 1896 2309 peni-

202 2338 289 2379 tus
335 2322 585 2378 tranfiifl'e
651 2322 933 2379 consendus
1003 2324 1120 2389 est,
1187 2337 1330 2376 nunc
1397 2321 1568 2390 igitur
1631 2324 1765 2376 dum
1831 2324 1889 2376 in

203 2410 563 2480 profunditate
609 2429 676 2464 z
706 2424 742 2463 x
788 2408 1023 2464 versatur
1055 2450 1070 2477 ,
1133 2420 1338 2461 certam
1404 2422 1564 2480 atque
1628 2408 1893 2477 insignem

205 2495 432 2549 offendet
476 2493 819 2550 resistentiam
852 2536 867 2562 ‚
911 2510 1039 2563 quae
1083 2493 1200 2547 eius
1254 2494 1435 2547 motui
1502 2497 1552 2547 se
1624 2493 1894 2566 opponit,

206 2594 258 2632 et
304 2596 465 2650 quam
509 2579 660 2635 lutera
706 2580 755 2635 R
811 2581 1131 2635 denotemus
1161 2621 1175 2648 ,
1241 2579 1386 2632 cuius
1450 2577 1695 2634 valorem
1764 2595 1895 2633 cum

205 2665 304 2718 vix
351 2663 467 2718 vllo
511 2669 623 2720 casu
676 2680 912 2720 accurate
979 2664 1202 2721 definire
1266 2662 1464 2733 liceat,
1531 2662 1619 2718 hic
1682 2677 1895 2720 tantum

207 2748 543 2804 obseruemus
584 2768 700 2807 eam
730 2794 745 2820 ,
787 2768 911 2805 cum
953 2767 985 2805 a
1031 2749 1405 2821 magnitudine
1448 2747 1652 2818 glandis
1679 2792 1695 2822 ,
1763 2764 1886 2805 tum

208 2851 340 2887 vero
384 2838 546 2889 etiam
596 2853 623 2889 a
666 2838 864 2892 duritie
908 2836 1070 2909 ipsius
1126 2834 1368 2903 tabulae,
1434 2850 1591 2907 atque
1657 2836 1717 2890 ab
1781 2838 1893 2908 ipsa

208 2921 563 2990 profunditate
609 2923 989 2997 penetrationis
1041 2939 1076 2979 x
1147 2921 1377 2997 pendere
1408 2963 1424 2993 ,
1487 2937 1651 2995 quare
1716 2937 1893 2994 quum

1792 3011 1904 3065 duo
