2402 3329
483 217 563 278 4⁸
1043 222 1197 290 -se
1242 218 1262 295 <
1306 233 1340 271 0
1387 219 1417 294 >
1458 221 1611 292 ste·-

1279 367 1373 446 ΙΙ.

487 484 1067 566 obseruationes
1099 491 1682 571 Astronomicae
1710 494 1918 568 annis
1955 498 2168 606 1769

484 612 565 672 et
649 619 866 692 1770.
954 598 1330 679 institutae
1426 630 1577 679 vna
1657 627 1833 680 cum
1927 605 2172 684 deter-

483 707 1019 786 minationibus
1091 714 1616 821 geographicis
1692 716 1978 817 aliquot
2062 717 2169 794 lo-

684 844 945 897 corum
1030 828 1332 931 Imperii
1419 822 1692 907 Ruffici
1778 826 1953 904 inde

1153 937 1515 1019 deduffls

603 1107 945 1187 Auetore
1003 1112 1151 1191 W.
1215 1114 1305 1194 L.
1370 1111 1609 1196 I‘irafft
1666 1141 1842 1222 pag.
1908 1141 2068 1218 571.
2123 1109 2126 1114 ¹

480 1295 582 1447 In
631 1309 728 1366 hac
775 1315 1126 1371 dissertatione
1171 1320 1482 1376 continuata
1531 1321 1727 1376 sistitur
1767 1323 2035 1395 expositio
2075 1316 2175 1377 ob:

588 1398 951 1454 seruationum
994 1402 1509 1476 astronomicarum,
1569 1422 1697 1476 quas
1760 1406 1847 1464 Cl.
1915 1409 2169 1475 Austor,

477 1481 610 1535 dum
661 1485 711 1536 in
762 1487 951 1538 itinere
1001 1503 1095 1556 per
1140 1490 1434 1558 imperium
1505 1491 1764 1545 rusticum
1834 1495 2170 1559 versaretur,

479 1566 848 1636 compluribus
898 1572 953 1623 in
1011 1571 1143 1625 locis
1210 1576 1453 1630 instituit.
1568 1574 1913 1646 Geographia
1980 1575 2171 1629 ruffica

477 1666 785 1722 quanquam
855 1654 1317 1714 Astronomorum
1379 1663 1835 1719 Academicorum
1903 1661 2171 1716 laboribus

478 1736 589 1791 iam
637 1737 707 1790 est
751 1739 1028 1808 infigniter
1074 1760 1374 1816 promota;
1426 1760 1580 1817 'erant
1627 1759 1802 1800 tamen
1856 1748 2170 1818 principalia

478 1822 739 1893 quaedam
796 1826 949 1893 loca,
990 1843 1225 1896 quorum
1273 1826 1518 1887 adcurata
1563 1832 1753 1904 positio
1817 1830 2168 1903 geographica

481 1904 656 1961 adhuc
704 1911 1098 1967 desiderabatur.
1186 1918 1411 1972 Fadium
1459 1919 1585 1973 hinc
1633 1918 1744 1987 est,
1789 1931 1851 1972 vt
1903 1920 2167 1972 Astrono·

478 1993 583 2045 mis
625 1993 686 2045 ad
730 1996 1000 2050 Venerem
1048 1998 1101 2050 in
1131 1998 1253 2053 Sole
1296 2004 1672 2057 obseruandam
1716 2003 1960 2072 ablegatis
2005 2004 2168 2054 etiam

477 2076 530 2130 id
579 2082 780 2145 negotii
844 2083 1099 2150 daretur,
1163 2098 1224 2138 vt
1293 2089 1740 2142 obseruationibus
1805 2086 2169 2142 astronomicis

476 2176 580 2232 pro
625 2164 779 2234 scopo
822 2167 1184 2237 geographico
1231 2172 1557 2226 instituendis
1603 2171 1964 2240 inuigilarent.
2009 2171 2171 2224 Eius-

480 2244 629 2300 modi
677 2249 848 2316 igitur
891 2251 1328 2307 obseruationum
1373 2256 1583 2309 suarum
1613 2256 1819 2326 alquot
1845 2254 1930 2311 Cl.
1959 2256 2169 2311 Αυᾶοι·

481 2328 536 2380 in
584 2327 682 2380 hac
727 2333 1085 2387 dissertatione
1133 2353 1238 2388 non
1285 2341 1516 2390 recenset
1558 2338 1730 2391 solum
1761 2378 1775 2405 ‚
1834 2342 1913 2392 sed
1953 2340 2015 2391 ad
2063 2343 2167 2396 cal·

481 2412 670 2467 culum
703 2410 930 2487 'quoque
972 2430 1184 2472 reuocat
1227 2421 1648 2475 astronomicum
1691 2436 1744 2476 ct
1766 2422 2171 2481 determinatio-

481 2512 573 2551 nes
619 2500 1001 2572 geographicas
1047 2505 1169 2557 inde
1194 2504 1416 2577 deriuat,
1462 2524 1695 2579 quarum
1723 2507 1810 2562 hic
1837 2508 2165 2568 succindtum

479 2581 770 2639 exhibuisse
812 2587 1150 2659 conspeetum
1199 2589 1363 2643 iuuat.

477 2684 526 2743 I.
572 2689 815 2762 Oppidum
860 2691 957 2762 Vsa
991 2692 1162 2763 'situm
1208 2695 1280 2748 est

606 2799 699 2855 sub
744 2799 878 2858 latit.
927 2803 1149 2860 boreali'
1175 2811 1290 2874 54⁰.
1319 2804 1425 2873 42¹.
1451 2804 1561 2876 45⁰

2108 2925 2163 2970 et
