2402 3329
521 229 641 291 296
1034 220 1190 278 DE
1277 219 1626 279 MOTV

519 376 675 433 habet
736 374 1150 448 amplitudinem
1224 373 1558 428 manifestum
1627 372 1701 451 est
1765 381 1874 427 tota
1922 372 2070 428 strata
2110 387 2207 432 zv

518 480 626 516 non
673 462 962 533 aequaliter
1003 460 1255 514 subsidere
1283 501 1298 526 ,
1372 460 1453 513 sed
1502 472 1671 531 partes
1715 458 1971 514 foramini
2017 458 2207 512 immi-

516 560 699 601 nentes
747 549 917 616 magis
964 550 1028 603 ad
1075 545 1373 600 descensum
1423 543 1658 615 impelli.
1748 545 1899 598 Tum
1940 559 2071 600 vero
2106 544 2206 600 vbi

516 631 670 686 tubus
715 633 887 686 subito
932 633 984 685 in
1029 634 1267 686 foramen
1315 632 1619 685 coaretatur
1646 670 1661 698 ,
1707 629 1791 684 ,ibi
1833 641 1975 684 certe
2031 630 2212 697 nenti-p

519 735 681 791 quam
729 734 889 790 aquae
938 731 1120 771 motus
1164 717 1236 769 ita
1283 717 1353 769 est
1397 729 1776 786 comparatu5‚
1843 716 1925 769 vti
1982 715 2039 768 in
2108 712 2207 767 hac

515 804 744 858 sectione
788 803 1115 856 assumimus,
1231 802 1538 872 Tantopere
1584 801 1764 872 potius
1811 815 1972 854 verus
2027 813 2214 870 motus

517 887 585 962 ab,
620 886 716 952 hac
760 887 1047 959 hypothesi
1091 888 1405 957 discrepabit
1445 890 1507 939 'vt
1552 885 1852 958 mirandum
1910 884 1976 941 fit
2041 900 2213 959 expe·-

514 973 748 1023 rimenta
793 989 895 1024 non
942 971 1123 1022 multo
1174 973 1343 1033 magis
1388 986 1416 1020 a
1461 962 1669 1022 calculo
1710 971 2021 1042 discrepare.
2110 971 2208 1024 ln·-

516 1053 678 1106 terim
728 1064 906 1103 tamen
949 1048 1194 1101 diffensus
1238 1047 1456 1114 insignis
1498 1050 1544 1098 se
1594 1051 1804 1116 prodit,
1848 1055 2058 1119 quando
2091 1049 2208 1108 fun-

513 1136 611 1190 dus
667 1133 804 1189 vasis
845 1131 966 1188 OC
1013 1129 1320 1186 tenuiffimo
1387 1129 1647 1186 foramine
1709 1127 1815 1186 Oo
1881 1132 1953 1186 est
2023 1148 2212 1199 pertu-

511 1224 639 1289 sus,
705 1236 815 1290 quo
881 1220 995 1272 casu
1066 1215 1123 1270 in
1168 1227 1327 1270 ’vena
1383 1214 1635 1271 effluente
1683 1217 1870 1285 ingens
1912 1215 2211 1275 contractio

514 1305 974 1362 animaduertitur
1018 1304 1137 1356 inde
1183 1302 1409 1355 oriunda
1453 1303 1594 1372 quod
1661 1317 1790 1373 aqua
1857 1318 1885 1355 a
1955 1302 2212 1359 lateribus

512 1406 801 1463 erumpens
841 1388 1054 1460 oblique
1101 1386 1318 1455 effluit3
1381 1403 1489 1457 quo
1535 1386 1600 1441 fit
1677 1401 1741 1441 vt
1806 1402 1901 1458 per
1967 1390 2216 1445 for-amen

514 1480 699 1531 minor
741 1491 905 1547 aquae
951 1474 1104 1544 copia
1145 1487 1314 1544 quam
1364 1489 1462 1543 pro
1503 1473 1618 1526 eius
1683 1470 2042 1544 amplitudine
2107 1476 2212 1530 eii-

511 1564 702 1617 ciatur.
789 1558 895 1615 Cui
941 1559 1284 1613 incommodo
1327 1558 1407 1625 ii,
1450 1558 1544 1629 qui
1588 1560 1958 1628 experimenta
2003 1559 2212 1615 calculo

513 1649 856 1701 consentanea
899 1646 1112 1701 reddere
1155 1642 1354 1698 volunt
1400 1645 1472 1696 ita
1530 1645 1817 1697 medentur
1847 1684 1862 1711 ,
1928 1655 1991 1697 vt
2065 1647 2213 1699 fora-

516 1731 653 1783 mini
701 1729 950 1784 tubulum
996 1730 1358 1798 cylindricum
1408 1729 1636 1786 inserere
1686 1728 1934 1798 soleant,
2002 1741 2064 1785 vt
2108 1731 2224 1786 hoc·

513 1814 682 1875 modo
725 1812 1006 1886 obliquitas
1049 1825 1232 1868 motus
1274 1813 1529 1868 euitetui·.
2220 1826 2225 1830 ·

993 1974 1551 2054 Scholion.
1651 1997 1713 2051 2.

718 2118 812 2168 88.
856 2110 1020 2166 Casus
1062 2126 1172 2181 quo
1213 2101 1397 2195 ⁷⁸:3⁷⁴*
1438 2109 1509 2161 est
1555 2119 1811 2159 numerus
1857 2106 2207 2167 vehementer

514 2226 744 2283 magnus
788 2209 1169 2265 euolutionem
1225 2204 1553 2275 singularem
1627 2200 1894 2274 postulat,
1958 2219 2062 2275 qua
2125 2206 2211 2259 di·-

510 2296 691 2355 lucide
732 2295 1036 2369 explicetur
1067 2335 1084 2363 ‚
1124 2292 1403 2364 quomodo
1442 2305 1572 2361 aqua
1602 2329 1616 2354 ‚
1661 2287 1788 2340 dum
1848 2291 1964 2344 eius
2029 2303 2209 2345 motus

512 2399 541 2437 a
584 2384 765 2455 quiete
807 2381 1002 2454 incipit
1045 2379 1222 2435 subito
1270 2375 1570 2432 maximam
1595 2372 1925 2428 celeritatem
1953 2373 2221 2446 adipiscat·-x

1538 2458 1788 2518 Bcc÷x
1847 2452 1943 2523 ’⁹¹1¹
2192 2514 2204 2527 ⁰

1540 2536 1786 2616 Bcc-lj}
1892 2526 1994 2566 rite
2027 2512 2208 2570 euolut

513 2661 780 2720 oportet,
848 2659 910 2702 vt
980 2660 1200 2701 motum
1271 2642 1334 2695 ab
1401 2639 1561 2694 initio
1628 2642 1878 2710 genitum
1946 2641 2205 2697 exhibeat.

513 2731 709 2790 Statim
779 2747 913 2802 ergo
976 2747 1036 2784 ac
1091 2739 1278 2783 motus
1317 2726 1513 2795 incipit
1555 2724 1789 2781 altitudo
1831 2742 1871 2780 x
1916 2725 1980 2782 fit
2024 2731 2205 2782 minor

518 2831 684 2889 quam
728 2832 757 2870 e
783 2856 800 2886 ,
841 2829 1110 2890 ponamus
1155 2813 1331 2885 igitur
1367 2804 1680 2902 ξζᾲο-ξ-ξε
1714 2833 1740 2870 1
1770 2843 1822 2854 -
1846 2812 1985 2895 231²
2028 2824 2092 2866 vt
2135 2809 2200 2864 fit

1999 2922 2202 2963 ·x::e

515 2532 622 2577 tur.
712 2521 875 2577 Hunc
922 2520 979 2575 in
1023 2518 1192 2574 finem
1221 2514 1451 2573 formula
