<?xml version="1.0" encoding="UTF-8"?>
<!DOCTYPE html PUBLIC "-//W3C//DTD XHTML 1.0 Transitional//EN"
    "http://www.w3.org/TR/xhtml1/DTD/xhtml1-transitional.dtd">
<html xmlns="http://www.w3.org/1999/xhtml" xml:lang="en" lang="en">
 <head>
  <title>
</title>
<meta http-equiv="Content-Type" content="text/html;charset=utf-8" />
  <meta name='ocr-system' content='tesseract 3.04.00' />
  <meta name='ocr-capabilities' content='ocr_page ocr_carea ocr_par ocr_line ocrx_word'/>
</head>
<body>
  <div class='ocr_page' id='page_1' title='image "./novicommentariac15impe_0438.png"; bbox 0 0 2402 3329; ppageno 0'>
   <div class='ocr_carea' id='block_1_1' title="bbox 537 217 1833 291">
    <p class='ocr_par' dir='ltr' id='par_1_1' title="bbox 537 217 1833 291">
     <span class='ocr_line' id='line_1_1' title="bbox 537 217 1833 291; baseline -0.002 -15"><span class='ocrx_word' id='word_1_1' title='bbox 537 237 656 291; x_wconf 75' lang='lat'>372</span> <span class='ocrx_word' id='word_1_2' title='bbox 923 219 1053 278; x_wconf 86' lang='lat' dir='ltr'>DE</span> <span class='ocrx_word' id='word_1_3' title='bbox 1122 218 1416 277; x_wconf 86' lang='lat' dir='ltr'>MOTV</span> <span class='ocrx_word' id='word_1_4' title='bbox 1483 217 1833 276; x_wconf 84' lang='lat' dir='ltr'>MIXTO</span> 
     </span>
    </p>
   </div>
   <div class='ocr_carea' id='block_1_2' title="bbox 528 370 2212 526">
    <p class='ocr_par' dir='ltr' id='par_1_2' title="bbox 528 370 2212 526">
     <span class='ocr_line' id='line_1_2' title="bbox 528 370 2212 447; baseline 0 -19"><span class='ocrx_word' id='word_1_5' title='bbox 528 392 632 447; x_wconf 89' lang='lat' dir='ltr'>que</span> <span class='ocrx_word' id='word_1_6' title='bbox 676 372 928 429; x_wconf 74' lang='lat' dir='ltr'>velocitas</span> <span class='ocrx_word' id='word_1_7' title='bbox 967 387 1047 425; x_wconf 85' lang='lat' dir='ltr'>co</span> <span class='ocrx_word' id='word_1_8' title='bbox 1091 370 1154 424; x_wconf 84' lang='lat' dir='ltr'>ad</span> <span class='ocrx_word' id='word_1_9' title='bbox 1202 370 1548 427; x_wconf 78' lang='lat' dir='ltr'>velocitatem</span> <span class='ocrx_word' id='word_1_10' title='bbox 1593 387 1619 427; x_wconf 94' lang='lat'><strong><em>0</em></strong></span> <span class='ocrx_word' id='word_1_11' title='bbox 1647 390 1699 443; x_wconf 74' lang='grc' dir='ltr'><em>Ύ</em></span> <span class='ocrx_word' id='word_1_12' title='bbox 1740 375 1802 424; x_wconf 73' lang='lat' dir='ltr'>&#39;vt</span> <span class='ocrx_word' id='word_1_13' title='bbox 1844 373 1883 435; x_wconf 55' lang='lat'>1⁴3</span> <span class='ocrx_word' id='word_1_14' title='bbox 1909 385 1940 423; x_wconf 76' lang='grc' dir='ltr'><em>α</em></span> <span class='ocrx_word' id='word_1_15' title='bbox 1999 371 2061 426; x_wconf 81' lang='lat' dir='ltr'>ad</span> <span class='ocrx_word' id='word_1_16' title='bbox 2105 377 2126 439; x_wconf 64' lang='grc' dir='ltr'>ξ</span> <span class='ocrx_word' id='word_1_17' title='bbox 2174 388 2212 428; x_wconf 75' lang='grc' dir='ltr'><strong><em>α</em></strong></span> 
     </span>
     <span class='ocr_line' id='line_1_3' title="bbox 528 460 1044 526; baseline -0.016 -10"><span class='ocrx_word' id='word_1_18' title='bbox 528 460 638 516; x_wconf 87' lang='lat' dir='ltr'>fiue</span> <span class='ocrx_word' id='word_1_19' title='bbox 683 471 743 514; x_wconf 89' lang='lat' dir='ltr'>vt</span> <span class='ocrx_word' id='word_1_20' title='bbox 789 475 830 526; x_wconf 83' lang='lat'>4</span> <span class='ocrx_word' id='word_1_21' title='bbox 871 461 936 515; x_wconf 76' lang='lat' dir='ltr'>ad</span> <span class='ocrx_word' id='word_1_22' title='bbox 984 468 1044 522; x_wconf 84' lang='lat'>5.</span> 
     </span>
    </p>
   </div>
   <div class='ocr_carea' id='block_1_3' title="bbox 516 626 2222 1625">
    <p class='ocr_par' dir='ltr' id='par_1_3' title="bbox 516 626 2222 1625">
     <span class='ocr_line' id='line_1_4' title="bbox 725 626 2222 702; baseline 0.003 -21"><span class='ocrx_word' id='word_1_23' title='bbox 725 631 770 696; x_wconf 70' lang='grc' dir='ltr'>ζ).</span> <span class='ocrx_word' id='word_1_24' title='bbox 823 646 913 683; x_wconf 86' lang='lat'>12.</span> <span class='ocrx_word' id='word_1_25' title='bbox 961 629 1387 686; x_wconf 85' lang='lat' dir='ltr'>Determinanda</span> <span class='ocrx_word' id='word_1_26' title='bbox 1434 630 1658 702; x_wconf 81' lang='lat' dir='ltr'>superest</span> <span class='ocrx_word' id='word_1_27' title='bbox 1706 630 1785 683; x_wconf 83' lang='lat' dir='ltr'>vis</span> <span class='ocrx_word' id='word_1_28' title='bbox 1813 630 1936 683; x_wconf 74' lang='lat' dir='ltr'>vina</span> <span class='ocrx_word' id='word_1_29' title='bbox 1965 626 2222 700; x_wconf 61' lang='lat' dir='ltr'>laminae:5</span> 
     </span>
     <span class='ocr_line' id='line_1_5' title="bbox 525 715 2216 788; baseline 0.001 -20"><span class='ocrx_word' id='word_1_30' title='bbox 525 731 658 787; x_wconf 83' lang='lat' dir='ltr'>quae</span> <span class='ocrx_word' id='word_1_31' title='bbox 702 731 770 770; x_wconf 85' lang='lat' dir='ltr'>ex</span> <span class='ocrx_word' id='word_1_32' title='bbox 815 729 1046 788; x_wconf 76' lang='lat' dir='ltr'>Vtroque</span> <span class='ocrx_word' id='word_1_33' title='bbox 1093 728 1247 769; x_wconf 89' lang='lat' dir='ltr'>motu</span> <span class='ocrx_word' id='word_1_34' title='bbox 1292 716 1505 770; x_wconf 81' lang='lat' dir='ltr'>seorfim</span> <span class='ocrx_word' id='word_1_35' title='bbox 1556 716 1799 770; x_wconf 75' lang='lat' dir='ltr'>nascitur.</span> <span class='ocrx_word' id='word_1_36' title='bbox 1889 715 2048 788; x_wconf 82' lang='lat' dir='ltr'>Quod</span> <span class='ocrx_word' id='word_1_37' title='bbox 2107 719 2216 786; x_wconf 84' lang='lat' dir='ltr'>pri-</span> 
     </span>
     <span class='ocr_line' id='line_1_6' title="bbox 523 799 2217 873; baseline -0.001 -18"><span class='ocrx_word' id='word_1_38' title='bbox 523 818 620 855; x_wconf 87' lang='lat' dir='ltr'>mo</span> <span class='ocrx_word' id='word_1_39' title='bbox 663 801 896 873; x_wconf 82' lang='lat' dir='ltr'><strong>pertinet</strong></span> <span class='ocrx_word' id='word_1_40' title='bbox 939 802 1260 855; x_wconf 85' lang='lat' dir='ltr'>admotum</span> <span class='ocrx_word' id='word_1_41' title='bbox 1309 800 1535 855; x_wconf 75' lang='lat' dir='ltr'>localem</span> <span class='ocrx_word' id='word_1_42' title='bbox 1584 799 1974 870; x_wconf 78' lang='lat' dir='ltr'>progreffiuum</span> <span class='ocrx_word' id='word_1_43' title='bbox 2007 840 2021 866; x_wconf 90' lang='lat'>‚</span> <span class='ocrx_word' id='word_1_44' title='bbox 2070 802 2217 854; x_wconf 78' lang='lat' dir='ltr'>vel&#39;o·</span> 
     </span>
     <span class='ocr_line' id='line_1_7' title="bbox 522 883 2213 953; baseline -0.002 -12"><span class='ocrx_word' id='word_1_45' title='bbox 522 886 652 941; x_wconf 82' lang='lat' dir='ltr'>citas</span> <span class='ocrx_word' id='word_1_46' title='bbox 693 885 806 940; x_wconf 84' lang='lat' dir='ltr'>eius</span> <span class='ocrx_word' id='word_1_47' title='bbox 832 927 846 952; x_wconf 80' lang='lat'><strong>‚</strong></span> <span class='ocrx_word' id='word_1_48' title='bbox 890 883 1110 953; x_wconf 82' lang='lat' dir='ltr'>smgulis</span> <span class='ocrx_word' id='word_1_49' title='bbox 1152 886 1434 938; x_wconf 86' lang='lat' dir='ltr'>elementis</span> <span class='ocrx_word' id='word_1_50' title='bbox 1477 887 1825 949; x_wconf 75' lang='lat' dir='ltr'>comm1111i5‚</span> <span class='ocrx_word' id='word_1_51' title='bbox 1895 885 2213 938; x_wconf 66' lang='lat' dir='ltr'>aestimanda</span> 
     </span>
     <span class='ocr_line' id='line_1_8' title="bbox 517 965 2212 1031; baseline 0.002 -11"><span class='ocrx_word' id='word_1_52' title='bbox 517 970 592 1023; x_wconf 85' lang='lat' dir='ltr'>est</span> <span class='ocrx_word' id='word_1_53' title='bbox 634 985 704 1021; x_wconf 88' lang='lat' dir='ltr'>ex</span> <span class='ocrx_word' id='word_1_54' title='bbox 750 975 997 1029; x_wconf 56' lang='grc' dir='ltr'>οο-ῑῑξα</span> <span class='ocrx_word' id='word_1_55' title='bbox 1040 967 1254 1031; x_wconf 79' lang='lat' dir='ltr'>eiusque</span> <span class='ocrx_word' id='word_1_56' title='bbox 1301 969 1459 1016; x_wconf 76' lang='lat' dir='ltr'>maffa</span> <span class='ocrx_word' id='word_1_57' title='bbox 1505 983 1573 1018; x_wconf 86' lang='lat' dir='ltr'>ex</span> <span class='ocrx_word' id='word_1_58' title='bbox 1618 965 1953 1030; x_wconf 77' lang='lat' dir='ltr'><strong>longitudine</strong></span> <span class='ocrx_word' id='word_1_59' title='bbox 1982 971 2212 1022; x_wconf 77' lang='lat' dir='ltr'>laminae</span> 
     </span>
     <span class='ocr_line' id='line_1_9' title="bbox 517 1046 2216 1116; baseline 0.003 -17"><span class='ocrx_word' id='word_1_60' title='bbox 517 1068 588 1107; x_wconf 69' lang='lat'>22:</span> <span class='ocrx_word' id='word_1_61' title='bbox 620 1066 649 1099; x_wconf 83' lang='lat'><em>2</em></span> <span class='ocrx_word' id='word_1_62' title='bbox 680 1048 739 1116; x_wconf 88' lang='lat' dir='ltr'>l,</span> <span class='ocrx_word' id='word_1_63' title='bbox 809 1046 949 1099; x_wconf 81' lang='lat' dir='ltr'>vnde</span> <span class='ocrx_word' id='word_1_64' title='bbox 1008 1046 1189 1099; x_wconf 83' lang='lat' dir='ltr'>statim</span> <span class='ocrx_word' id='word_1_65' title='bbox 1234 1047 1446 1098; x_wconf 87' lang='lat' dir='ltr'>eruitur</span> <span class='ocrx_word' id='word_1_66' title='bbox 1493 1049 1574 1099; x_wconf 78' lang='lat' dir='ltr'>vis</span> <span class='ocrx_word' id='word_1_67' title='bbox 1619 1047 1744 1098; x_wconf 83' lang='lat' dir='ltr'>viua</span> <span class='ocrx_word' id='word_1_68' title='bbox 1791 1064 1890 1116; x_wconf 90' lang='lat' dir='ltr'>pro</span> <span class='ocrx_word' id='word_1_69' title='bbox 1935 1064 2091 1103; x_wconf 85' lang='lat' dir='ltr'>motu</span> <span class='ocrx_word' id='word_1_70' title='bbox 2137 1052 2216 1103; x_wconf 85' lang='lat' dir='ltr'>la-</span> 
     </span>
     <span class='ocr_line' id='line_1_10' title="bbox 518 1128 2220 1203; baseline -0.001 -17"><span class='ocrx_word' id='word_1_71' title='bbox 518 1134 697 1190; x_wconf 78' lang='lat' dir='ltr'>minae</span> <span class='ocrx_word' id='word_1_72' title='bbox 745 1129 1072 1202; x_wconf 85' lang='lat' dir='ltr'>progreffiuo</span> <span class='ocrx_word' id='word_1_73' title='bbox 1118 1134 1331 1196; x_wconf 57' lang='lat' dir='ltr'>:52²3oe</span> <span class='ocrx_word' id='word_1_74' title='bbox 1378 1128 1467 1184; x_wconf 85' lang='grc' dir='ltr'>αΙ.</span> <span class='ocrx_word' id='word_1_75' title='bbox 1578 1130 1656 1182; x_wconf 85' lang='lat' dir='ltr'>At</span> <span class='ocrx_word' id='word_1_76' title='bbox 1729 1143 1861 1184; x_wconf 83' lang='lat' dir='ltr'>vero</span> <span class='ocrx_word' id='word_1_77' title='bbox 1919 1134 2000 1185; x_wconf 71' lang='lat' dir='ltr'>vis</span> <span class='ocrx_word' id='word_1_78' title='bbox 2043 1136 2170 1189; x_wconf 75' lang='lat' dir='ltr'>viua</span> <span class='ocrx_word' id='word_1_79' title='bbox 2203 1174 2220 1203; x_wconf 91' lang='lat'>‚</span> 
     </span>
     <span class='ocr_line' id='line_1_11' title="bbox 519 1215 2217 1287; baseline -0.001 -12"><span class='ocrx_word' id='word_1_80' title='bbox 519 1218 702 1275; x_wconf 88' lang='lat' dir='ltr'>motui</span> <span class='ocrx_word' id='word_1_81' title='bbox 749 1217 1045 1271; x_wconf 81' lang='lat' dir='ltr'>vibratorio</span> <span class='ocrx_word' id='word_1_82' title='bbox 1086 1215 1306 1280; x_wconf 81' lang='lat' dir='ltr'>debita,</span> <span class='ocrx_word' id='word_1_83' title='bbox 1350 1216 1652 1269; x_wconf 81' lang='lat' dir='ltr'>deducenda</span> <span class='ocrx_word' id='word_1_84' title='bbox 1701 1215 1775 1269; x_wconf 90' lang='lat' dir='ltr'>est</span> <span class='ocrx_word' id='word_1_85' title='bbox 1818 1232 1886 1269; x_wconf 84' lang='lat' dir='ltr'>ex</span> <span class='ocrx_word' id='word_1_86' title='bbox 1933 1215 2217 1287; x_wconf 82' lang='lat' dir='ltr'>velocitate</span> 
     </span>
     <span class='ocr_line' id='line_1_12' title="bbox 519 1298 2218 1376; baseline 0.001 -22"><span class='ocrx_word' id='word_1_87' title='bbox 519 1302 863 1372; x_wconf 85' lang='lat' dir='ltr'><strong>fingularum</strong></span> <span class='ocrx_word' id='word_1_88' title='bbox 935 1298 1322 1372; x_wconf 85' lang='lat' dir='ltr'>particularum</span> <span class='ocrx_word' id='word_1_89' title='bbox 1361 1341 1377 1368; x_wconf 83' lang='lat'>‚</span> <span class='ocrx_word' id='word_1_90' title='bbox 1470 1301 1601 1354; x_wconf 67' lang='lat' dir='ltr'>faeta</span> <span class='ocrx_word' id='word_1_91' title='bbox 1673 1299 1962 1355; x_wconf 80' lang='lat' dir='ltr'>velocitate</span> <span class='ocrx_word' id='word_1_92' title='bbox 2030 1305 2218 1376; x_wconf 67' lang='lat' dir='ltr'>punsti</span> 
     </span>
     <span class='ocr_line' id='line_1_13' title="bbox 519 1385 2219 1460; baseline -0.001 -16"><span class='ocrx_word' id='word_1_93' title='bbox 519 1389 684 1444; x_wconf 87' lang='lat' dir='ltr'>medii</span> <span class='ocrx_word' id='word_1_94' title='bbox 730 1403 925 1459; x_wconf 60' lang='lat'>:07</span> <span class='ocrx_word' id='word_1_95' title='bbox 954 1403 1022 1438; x_wconf 70' lang='lat' dir='ltr'><strong><em>z</em></strong></span> <span class='ocrx_word' id='word_1_96' title='bbox 1049 1391 1071 1452; x_wconf 55' lang='grc' dir='ltr'>ξ’</span> <span class='ocrx_word' id='word_1_97' title='bbox 1100 1402 1172 1438; x_wconf 72' lang='grc' dir='ltr'>αι</span> <span class='ocrx_word' id='word_1_98' title='bbox 1223 1386 1309 1437; x_wconf 84' lang='lat' dir='ltr'>ista</span> <span class='ocrx_word' id='word_1_99' title='bbox 1356 1399 1490 1438; x_wconf 88' lang='lat' dir='ltr'>vero</span> <span class='ocrx_word' id='word_1_100' title='bbox 1550 1385 1806 1438; x_wconf 80' lang='lat' dir='ltr'>velocitas</span> <span class='ocrx_word' id='word_1_101' title='bbox 1880 1404 1981 1457; x_wconf 88' lang='lat' dir='ltr'>pro</span> <span class='ocrx_word' id='word_1_102' title='bbox 2024 1392 2219 1460; x_wconf 84' lang='lat' dir='ltr'>quouis</span> 
     </span>
     <span class='ocr_line' id='line_1_14' title="bbox 524 1469 2216 1544; baseline -0.001 -19"><span class='ocrx_word' id='word_1_103' title='bbox 524 1470 638 1527; x_wconf 81' lang='lat' dir='ltr'>alio</span> <span class='ocrx_word' id='word_1_104' title='bbox 683 1472 884 1544; x_wconf 61' lang='lat' dir='ltr'>puncto</span> <span class='ocrx_word' id='word_1_105' title='bbox 932 1490 961 1526; x_wconf 91' lang='lat' dir='ltr'><em>r</em></span> <span class='ocrx_word' id='word_1_106' title='bbox 1007 1482 1249 1524; x_wconf 84' lang='lat' dir='ltr'>mutatur</span> <span class='ocrx_word' id='word_1_107' title='bbox 1296 1469 1351 1521; x_wconf 88' lang='lat' dir='ltr'>in</span> <span class='ocrx_word' id='word_1_108' title='bbox 1397 1475 1641 1537; x_wconf 44' lang='grc' dir='ltr'>ἔοι-ἥς</span> <span class='ocrx_word' id='word_1_109' title='bbox 1709 1485 1840 1538; x_wconf 84' lang='lat' dir='ltr'>ergo</span> <span class='ocrx_word' id='word_1_110' title='bbox 1898 1489 1998 1541; x_wconf 88' lang='lat' dir='ltr'>pro</span> <span class='ocrx_word' id='word_1_111' title='bbox 2060 1487 2216 1529; x_wconf 86' lang='lat' dir='ltr'>motu</span> 
     </span>
     <span class='ocr_line' id='line_1_15' title="bbox 516 1555 1958 1625; baseline 0 -13"><span class='ocrx_word' id='word_1_112' title='bbox 516 1556 816 1614; x_wconf 76' lang='lat' dir='ltr'>vibratorio</span> <span class='ocrx_word' id='word_1_113' title='bbox 863 1557 927 1612; x_wconf 89' lang='lat' dir='ltr'>fit</span> <span class='ocrx_word' id='word_1_114' title='bbox 971 1557 1052 1609; x_wconf 81' lang='lat' dir='ltr'>vis</span> <span class='ocrx_word' id='word_1_115' title='bbox 1093 1557 1216 1610; x_wconf 85' lang='lat' dir='ltr'>viua</span> <span class='ocrx_word' id='word_1_116' title='bbox 1261 1555 1618 1625; x_wconf 84' lang='lat' dir='ltr'>cuiuscunque</span> <span class='ocrx_word' id='word_1_117' title='bbox 1664 1555 1958 1612; x_wconf 81' lang='lat' dir='ltr'>elementi:</span> 
     </span>
    </p>
   </div>
   <div class='ocr_carea' id='block_1_4' title="bbox 639 1654 1694 1745">
    <p class='ocr_par' dir='ltr' id='par_1_4' title="bbox 639 1654 1694 1745">
     <span class='ocr_line' id='line_1_16' title="bbox 639 1654 1694 1745; baseline 0.002 -27"><span class='ocrx_word' id='word_1_118' title='bbox 639 1654 1655 1745; x_wconf 44' lang='lat' dir='ltr'>:Got-yfdxzffid-YT-{fiafdx</span> <span class='ocrx_word' id='word_1_119' title='bbox 1679 1707 1694 1734; x_wconf 80' lang='lat'>,</span> 
     </span>
    </p>
   </div>
   <div class='ocr_carea' id='block_1_5' title="bbox 513 1767 2226 2628">
    <p class='ocr_par' dir='ltr' id='par_1_5' title="bbox 513 1767 2226 2628">
     <span class='ocr_line' id='line_1_17' title="bbox 526 1767 2223 1861; baseline -0.004 -21"><span class='ocrx_word' id='word_1_120' title='bbox 526 1784 670 1842; x_wconf 87' lang='lat' dir='ltr'>cuius</span> <span class='ocrx_word' id='word_1_121' title='bbox 747 1781 1009 1854; x_wconf 84' lang='lat' dir='ltr'>integrale</span> <span class='ocrx_word' id='word_1_122' title='bbox 1101 1782 1174 1835; x_wconf 90' lang='lat' dir='ltr'>est</span> <span class='ocrx_word' id='word_1_123' title='bbox 1236 1770 2039 1861; x_wconf 47' lang='grc' dir='ltr'>Ξὲαακ-ΞζῗξἫ-α-ᾖξε</span> <span class='ocrx_word' id='word_1_124' title='bbox 2101 1767 2223 1847; x_wconf 62' lang='lat' dir='ltr'>fic{</span> 
     </span>
     <span class='ocr_line' id='line_1_18' title="bbox 514 1875 2221 1948; baseline -0.005 -11"><span class='ocrx_word' id='word_1_125' title='bbox 514 1883 649 1938; x_wconf 59' lang='lat' dir='ltr'>faeta</span> <span class='ocrx_word' id='word_1_126' title='bbox 688 1880 913 1948; x_wconf 64' lang='grc' dir='ltr'>κεῖ,</span> <span class='ocrx_word' id='word_1_127' title='bbox 985 1881 1160 1933; x_wconf 85' lang='lat' dir='ltr'>oritur</span> <span class='ocrx_word' id='word_1_128' title='bbox 1226 1878 1308 1930; x_wconf 83' lang='lat' dir='ltr'>vis</span> <span class='ocrx_word' id='word_1_129' title='bbox 1377 1878 1501 1928; x_wconf 80' lang='lat' dir='ltr'>viua</span> <span class='ocrx_word' id='word_1_130' title='bbox 1570 1892 1671 1946; x_wconf 85' lang='lat' dir='ltr'>pro</span> <span class='ocrx_word' id='word_1_131' title='bbox 1732 1877 1954 1929; x_wconf 82' lang='lat' dir='ltr'>dimidia</span> <span class='ocrx_word' id='word_1_132' title='bbox 2017 1875 2221 1929; x_wconf 79' lang='lat' dir='ltr'>lamina</span> 
     </span>
     <span class='ocr_line' id='line_1_19' title="bbox 520 1957 2218 2034; baseline -0.008 -11"><span class='ocrx_word' id='word_1_133' title='bbox 520 1966 835 2033; x_wconf 58' lang='grc' dir='ltr'><em>Ξῖξααῖ</em></span> <span class='ocrx_word' id='word_1_134' title='bbox 873 1966 1098 2034; x_wconf 85' lang='lat' dir='ltr'>adeoque</span> <span class='ocrx_word' id='word_1_135' title='bbox 1155 1964 1236 2018; x_wconf 82' lang='lat' dir='ltr'>vis</span> <span class='ocrx_word' id='word_1_136' title='bbox 1307 1959 1431 2015; x_wconf 84' lang='lat' dir='ltr'>viua</span> <span class='ocrx_word' id='word_1_137' title='bbox 1505 1963 1671 2014; x_wconf 86' lang='lat' dir='ltr'>totius</span> <span class='ocrx_word' id='word_1_138' title='bbox 1739 1959 1970 2012; x_wconf 84' lang='lat' dir='ltr'>laminae</span> <span class='ocrx_word' id='word_1_139' title='bbox 2043 1957 2218 2018; x_wconf 74' lang='lat' dir='ltr'>motui</span> 
     </span>
     <span class='ocr_line' id='line_1_20' title="bbox 518 2043 2212 2109; baseline -0.005 -6"><span class='ocrx_word' id='word_1_140' title='bbox 518 2049 818 2104; x_wconf 74' lang='lat' dir='ltr'>vibratorio</span> <span class='ocrx_word' id='word_1_141' title='bbox 859 2047 1032 2099; x_wconf 83' lang='lat' dir='ltr'>debita</span> <span class='ocrx_word' id='word_1_142' title='bbox 1079 2061 1151 2096; x_wconf 59' lang='lat' dir='ltr'>a:</span> <span class='ocrx_word' id='word_1_143' title='bbox 1178 2053 1224 2108; x_wconf 45' lang='grc' dir='ltr'>ἐξ</span> <span class='ocrx_word' id='word_1_144' title='bbox 1251 2044 1419 2108; x_wconf 73' lang='grc' dir='ltr'>αα];</span> <span class='ocrx_word' id='word_1_145' title='bbox 1465 2043 1581 2094; x_wconf 89' lang='lat' dir='ltr'>sunt</span> <span class='ocrx_word' id='word_1_146' title='bbox 1629 2045 1804 2108; x_wconf 82' lang='lat' dir='ltr'>itaque</span> <span class='ocrx_word' id='word_1_147' title='bbox 1849 2045 1986 2097; x_wconf 76' lang='lat' dir='ltr'>vires</span> <span class='ocrx_word' id='word_1_148' title='bbox 2034 2044 2212 2109; x_wconf 84' lang='lat' dir='ltr'>vinae,</span> 
     </span>
     <span class='ocr_line' id='line_1_21' title="bbox 528 2122 2226 2201; baseline -0.005 -16"><span class='ocrx_word' id='word_1_149' title='bbox 528 2134 707 2188; x_wconf 89' lang='lat' dir='ltr'>motui</span> <span class='ocrx_word' id='word_1_150' title='bbox 757 2128 1086 2201; x_wconf 82' lang='lat' dir='ltr'>progreffiuo</span> <span class='ocrx_word' id='word_1_151' title='bbox 1129 2141 1184 2182; x_wconf 91' lang='lat' dir='ltr'>et</span> <span class='ocrx_word' id='word_1_152' title='bbox 1227 2125 1407 2179; x_wconf 82' lang='lat' dir='ltr'>motui</span> <span class='ocrx_word' id='word_1_153' title='bbox 1454 2122 1750 2176; x_wconf 80' lang='lat' dir='ltr'>vibratorio</span> <span class='ocrx_word' id='word_1_154' title='bbox 1792 2124 1993 2178; x_wconf 84' lang='lat' dir='ltr'>debitae</span> <span class='ocrx_word' id='word_1_155' title='bbox 2050 2138 2110 2178; x_wconf 86' lang='lat' dir='ltr'>vt</span> <span class='ocrx_word' id='word_1_156' title='bbox 2158 2129 2226 2192; x_wconf 61' lang='lat'>³³3}</span> 
     </span>
     <span class='ocr_line' id='line_1_22' title="bbox 516 2207 2223 2287; baseline -0.004 -19"><span class='ocrx_word' id='word_1_157' title='bbox 516 2220 577 2274; x_wconf 82' lang='lat' dir='ltr'>ad</span> <span class='ocrx_word' id='word_1_158' title='bbox 620 2220 667 2287; x_wconf 51' lang='grc' dir='ltr'>ἐξ</span> <span class='ocrx_word' id='word_1_159' title='bbox 715 2216 797 2270; x_wconf 90' lang='lat' dir='ltr'>seu</span> <span class='ocrx_word' id='word_1_160' title='bbox 845 2227 907 2268; x_wconf 78' lang='lat' dir='ltr'>vt</span> <span class='ocrx_word' id='word_1_161' title='bbox 952 2231 991 2279; x_wconf 90' lang='lat'>4</span> <span class='ocrx_word' id='word_1_162' title='bbox 1038 2213 1100 2267; x_wconf 86' lang='lat' dir='ltr'>ad</span> <span class='ocrx_word' id='word_1_163' title='bbox 1159 2227 1209 2274; x_wconf 83' lang='lat'>5.</span> <span class='ocrx_word' id='word_1_164' title='bbox 1299 2210 1450 2278; x_wconf 85' lang='lat' dir='ltr'>Ergo</span> <span class='ocrx_word' id='word_1_165' title='bbox 1494 2210 1621 2262; x_wconf 81' lang='lat' dir='ltr'>haec</span> <span class='ocrx_word' id='word_1_166' title='bbox 1673 2207 1811 2261; x_wconf 86' lang='lat' dir='ltr'>ratio</span> <span class='ocrx_word' id='word_1_167' title='bbox 1841 2248 1857 2275; x_wconf 90' lang='lat'>,</span> <span class='ocrx_word' id='word_1_168' title='bbox 1921 2210 2063 2280; x_wconf 88' lang='lat' dir='ltr'>quod</span> <span class='ocrx_word' id='word_1_169' title='bbox 2120 2225 2223 2263; x_wconf 84' lang='lat' dir='ltr'>no·</span> 
     </span>
     <span class='ocr_line' id='line_1_23' title="bbox 518 2293 2215 2368; baseline -0.007 -9"><span class='ocrx_word' id='word_1_170' title='bbox 518 2304 626 2359; x_wconf 82' lang='lat' dir='ltr'>tari</span> <span class='ocrx_word' id='word_1_171' title='bbox 675 2314 916 2355; x_wconf 84' lang='lat' dir='ltr'>meretur</span> <span class='ocrx_word' id='word_1_172' title='bbox 944 2342 959 2368; x_wconf 81' lang='lat'>,</span> <span class='ocrx_word' id='word_1_173' title='bbox 1008 2299 1193 2352; x_wconf 82' lang='lat' dir='ltr'>eadem</span> <span class='ocrx_word' id='word_1_174' title='bbox 1240 2296 1308 2351; x_wconf 89' lang='lat' dir='ltr'>est</span> <span class='ocrx_word' id='word_1_175' title='bbox 1354 2308 1482 2349; x_wconf 76' lang='lat' dir='ltr'>eum</span> <span class='ocrx_word' id='word_1_176' title='bbox 1527 2293 1732 2346; x_wconf 82' lang='lat' dir='ltr'>ratione</span> <span class='ocrx_word' id='word_1_177' title='bbox 1777 2309 1938 2364; x_wconf 84' lang='lat' dir='ltr'>quam</span> <span class='ocrx_word' id='word_1_178' title='bbox 2004 2293 2215 2347; x_wconf 86' lang='lat' dir='ltr'>inueni-</span> 
     </span>
     <span class='ocr_line' id='line_1_24' title="bbox 517 2376 2217 2451; baseline -0.006 -8"><span class='ocrx_word' id='word_1_179' title='bbox 517 2402 642 2443; x_wconf 87' lang='lat' dir='ltr'>mus</span> <span class='ocrx_word' id='word_1_180' title='bbox 723 2388 868 2439; x_wconf 88' lang='lat' dir='ltr'>inter</span> <span class='ocrx_word' id='word_1_181' title='bbox 940 2383 1253 2438; x_wconf 83' lang='lat' dir='ltr'>velocitates</span> <span class='ocrx_word' id='word_1_182' title='bbox 1327 2378 1513 2451; x_wconf 70' lang='lat' dir='ltr'>puneci</span> <span class='ocrx_word' id='word_1_183' title='bbox 1583 2376 1747 2429; x_wconf 81' lang='lat' dir='ltr'>medii</span> <span class='ocrx_word' id='word_1_184' title='bbox 1816 2395 1916 2450; x_wconf 91' lang='lat' dir='ltr'>pro</span> <span class='ocrx_word' id='word_1_185' title='bbox 1981 2391 2217 2450; x_wconf 73' lang='lat' dir='ltr'>Vtroque</span> 
     </span>
     <span class='ocr_line' id='line_1_25' title="bbox 513 2460 2210 2543; baseline -0.005 -17"><span class='ocrx_word' id='word_1_186' title='bbox 513 2486 675 2529; x_wconf 87' lang='lat' dir='ltr'>motu</span> <span class='ocrx_word' id='word_1_187' title='bbox 721 2469 936 2525; x_wconf 85' lang='lat' dir='ltr'>seorfim</span> <span class='ocrx_word' id='word_1_188' title='bbox 983 2471 1173 2523; x_wconf 85' lang='lat' dir='ltr'><strong>sumto.</strong></span> <span class='ocrx_word' id='word_1_189' title='bbox 1274 2465 1437 2543; x_wconf 85' lang='lat' dir='ltr'>Quod</span> <span class='ocrx_word' id='word_1_190' title='bbox 1503 2460 1543 2514; x_wconf 89' lang='lat' dir='ltr'>fi</span> <span class='ocrx_word' id='word_1_191' title='bbox 1609 2460 1779 2529; x_wconf 74' lang='lat' dir='ltr'>igitur</span> <span class='ocrx_word' id='word_1_192' title='bbox 1849 2467 2057 2531; x_wconf 86' lang='lat' dir='ltr'>integra</span> <span class='ocrx_word' id='word_1_193' title='bbox 2124 2463 2210 2519; x_wconf 72' lang='lat' dir='ltr'>vis</span> 
     </span>
     <span class='ocr_line' id='line_1_26' title="bbox 514 2547 2212 2628; baseline -0.01 -17"><span class='ocrx_word' id='word_1_194' title='bbox 514 2558 642 2613; x_wconf 77' lang='lat' dir='ltr'>viua</span> <span class='ocrx_word' id='word_1_195' title='bbox 673 2597 687 2624; x_wconf 95' lang='lat'>‚</span> <span class='ocrx_word' id='word_1_196' title='bbox 732 2571 893 2628; x_wconf 89' lang='lat' dir='ltr'>quam</span> <span class='ocrx_word' id='word_1_197' title='bbox 940 2552 1144 2609; x_wconf 83' lang='lat' dir='ltr'>lamina</span> <span class='ocrx_word' id='word_1_198' title='bbox 1188 2563 1418 2620; x_wconf 85' lang='lat' dir='ltr'>vtroque</span> <span class='ocrx_word' id='word_1_199' title='bbox 1460 2547 1553 2598; x_wconf 89' lang='lat' dir='ltr'>suo</span> <span class='ocrx_word' id='word_1_200' title='bbox 1598 2558 1753 2598; x_wconf 88' lang='lat' dir='ltr'>motu</span> <span class='ocrx_word' id='word_1_201' title='bbox 1797 2562 1825 2598; x_wconf 85' lang='lat' dir='ltr'>a</span> <span class='ocrx_word' id='word_1_202' title='bbox 1884 2548 2212 2619; x_wconf 74' lang='lat' dir='ltr'>percuffione.</span> 
     </span>
    </p>
   </div>
   <div class='ocr_carea' id='block_1_6' title="bbox 517 2629 2214 2713">
    <p class='ocr_par' dir='ltr' id='par_1_6' title="bbox 517 2629 2214 2713">
     <span class='ocr_line' id='line_1_27' title="bbox 517 2629 2214 2713; baseline -0.006 -15"><span class='ocrx_word' id='word_1_203' title='bbox 517 2642 719 2713; x_wconf 80' lang='lat' dir='ltr'>accepit</span> <span class='ocrx_word' id='word_1_204' title='bbox 749 2680 764 2708; x_wconf 91' lang='lat'>,</span> <span class='ocrx_word' id='word_1_205' title='bbox 812 2641 1015 2694; x_wconf 84' lang='lat' dir='ltr'>dicatur</span> <span class='ocrx_word' id='word_1_206' title='bbox 1062 2641 1155 2704; x_wconf 85' lang='lat' dir='ltr'>A,</span> <span class='ocrx_word' id='word_1_207' title='bbox 1201 2637 1303 2691; x_wconf 87' lang='lat' dir='ltr'>erit</span> <span class='ocrx_word' id='word_1_208' title='bbox 1348 2634 1431 2686; x_wconf 87' lang='lat' dir='ltr'>vis</span> <span class='ocrx_word' id='word_1_209' title='bbox 1488 2630 1610 2683; x_wconf 79' lang='lat' dir='ltr'>viua</span> <span class='ocrx_word' id='word_1_210' title='bbox 1669 2629 1769 2685; x_wconf 84' lang='lat' dir='ltr'>soli</span> <span class='ocrx_word' id='word_1_211' title='bbox 1841 2634 2020 2687; x_wconf 88' lang='lat' dir='ltr'>motui</span> <span class='ocrx_word' id='word_1_212' title='bbox 2085 2651 2214 2704; x_wconf 88' lang='lat' dir='ltr'><strong>pro·</strong></span> 
     </span>
    </p>
   </div>
   <div class='ocr_carea' id='block_1_7' title="bbox 1562 1816 1740 1824">
    <p class='ocr_par' dir='ltr' id='par_1_7' title="bbox 1562 1816 1740 1824">
     <span class='ocr_line' id='line_1_28' title="bbox 1562 1816 1740 1824; baseline 0 1505"><span class='ocrx_word' id='word_1_213' title='bbox 1562 1816 1740 1824; x_wconf 95' lang='lat' dir='ltr'> </span> 
     </span>
    </p>
   </div>
   <div class='ocr_carea' id='block_1_8' title="bbox 515 2714 2214 2964">
    <p class='ocr_par' dir='ltr' id='par_1_8' title="bbox 515 2714 2214 2964">
     <span class='ocr_line' id='line_1_29' title="bbox 517 2714 2213 2796; baseline -0.005 -17"><span class='ocrx_word' id='word_1_214' title='bbox 517 2726 744 2796; x_wconf 83' lang='lat' dir='ltr'>gteffiuo</span> <span class='ocrx_word' id='word_1_215' title='bbox 791 2725 963 2778; x_wconf 84' lang='lat' dir='ltr'>debita</span> <span class='ocrx_word' id='word_1_216' title='bbox 1009 2734 1221 2777; x_wconf 87' lang='lat' dir='ltr'>tantum</span> <span class='ocrx_word' id='word_1_217' title='bbox 1267 2722 1288 2782; x_wconf 65' lang='lat' dir='ltr'>g</span> <span class='ocrx_word' id='word_1_218' title='bbox 1344 2715 1398 2768; x_wconf 90' lang='lat' dir='ltr'><strong>A</strong></span> <span class='ocrx_word' id='word_1_219' title='bbox 1464 2715 1674 2786; x_wconf 83' lang='lat' dir='ltr'>ipsaque</span> <span class='ocrx_word' id='word_1_220' title='bbox 1743 2714 1998 2773; x_wconf 82' lang='lat' dir='ltr'>velocitas</span> <span class='ocrx_word' id='word_1_221' title='bbox 2055 2716 2213 2772; x_wconf 87' lang='lat' dir='ltr'>huius</span> 
     </span>
     <span class='ocr_line' id='line_1_30' title="bbox 515 2800 2214 2887; baseline -0.009 -18"><span class='ocrx_word' id='word_1_222' title='bbox 515 2821 696 2886; x_wconf 73' lang='lat' dir='ltr'>motus</span> <span class='ocrx_word' id='word_1_223' title='bbox 735 2808 837 2864; x_wconf 78' lang='lat' dir='ltr'>etit</span> <span class='ocrx_word' id='word_1_224' title='bbox 884 2814 908 2877; x_wconf 64' lang='grc' dir='ltr'>ξ</span> <span class='ocrx_word' id='word_1_225' title='bbox 950 2808 1062 2863; x_wconf 84' lang='lat' dir='ltr'>eius</span> <span class='ocrx_word' id='word_1_226' title='bbox 1107 2800 1409 2887; x_wconf 64' lang='lat' dir='ltr'>yelocitatis</span> <span class='ocrx_word' id='word_1_227' title='bbox 1455 2816 1618 2875; x_wconf 82' lang='lat' dir='ltr'>quam</span> <span class='ocrx_word' id='word_1_228' title='bbox 1662 2800 1802 2873; x_wconf 77' lang='lat' dir='ltr'>leges</span> <span class='ocrx_word' id='word_1_229' title='bbox 1840 2804 2214 2860; x_wconf 79' lang='lat' dir='ltr'>communiter</span> 
     </span>
     <span class='ocr_line' id='line_1_31' title="bbox 1976 2897 2213 2964; baseline -0.034 -17"><span class='ocrx_word' id='word_1_230' title='bbox 1976 2897 2213 2964; x_wconf 63' lang='lat' dir='ltr'>receptae</span> 
     </span>
    </p>
   </div>
  </div>
 </body>
</html>
