2402 3329
518 218 1057 282 FLVIDORVM
1126 222 1544 281 LINEARI.
1755 245 1867 284 221

201 376 391 446 vbique
443 374 544 428 erit
605 373 836 439 eadem,
905 391 1010 427 non
1082 374 1223 445 quod
1290 376 1471 429 omnis
1532 377 1877 450 ,inaequalitas

201 461 421 513 absolute
445 457 760 512 excludatur
800 498 814 524 ,
858 474 1028 529 quum
1083 461 1266 529 vtique
1290 459 1406 513 fieri
1433 461 1634 531 posset,
1680 475 1740 515 vt
1784 479 1878 533 per

198 557 400 614 partem
447 537 575 597 ZU
619 542 846 598 celerius
891 545 980 599 vel
1028 543 1219 597 lentius
1289 548 1482 599 feratur
1548 563 1712 616 qnam
1782 564 1874 618 per

187 641 403 698 ‘parte‘n
454 623 600 693 ZV',
653 629 728 681 led
775 627 900 680 tales
949 640 1130 682 motus
1178 629 1263 681 liic
1311 629 1653 684 excludimus
1685 674 1699 701 ,
1743 633 1872 686 dum

189 711 251 764 ‘in
299 724 510 765 motum
561 712 813 765 linearem
859 714 1227 783 inquirimus,
1295 727 1510 766 tantum
1577 732 1666 769 eos
1696 756 1710 782 ,
1781 718 1875 786 qui

194 795 296 849 sint
363 795 660 851 definitioni
737 796 1072 851 consentanei
1150 794 1547 852 consideraturi.
1678 799 1879 874 Quodsi

194 896 324 935 vero
371 882 489 935 talis
561 881 900 952 inaequalitas
965 881 1096 936 adsit
1126 923 1140 949 ,
1212 885 1549 954 perspicuum
1622 887 1692 939 est
1769 885 1878 938 tubi

192 966 612 1036 amplitudinem
683 967 938 1020 continuo
1004 969 1173 1034 magis
1241 970 1601 1034 ςοειτᾶαηόο,
1665 970 1876 1023 tandem

190 1065 415 1102 omnem
462 1050 769 1102 huiusmodi
817 1047 1253 1116 inaequalitatem
1278 1052 1470 1120 cessare
1492 1053 1700 1119 debere,
1739 1069 1880 1124 quo·

196 1135 332 1186 circa
379 1133 417 1185 si
466 1133 615 1186 tubos
664 1130 875 1185 infinite
920 1132 1162 1199 angustos
1205 1132 1491 1185 statuamus
1523 1177 1536 1204 ,
1578 1134 1706 1190 huic
1777 1151 1877 1189 ex-

196 1217 433 1287 ceptioni
481 1235 546 1271 ne
605 1213 752 1268 locus
812 1216 1024 1283 quidem
1072 1214 1416 1284 relinquitur.
1521 1222 1698 1291 Atque
1769 1219 1874 1275 hoc

194 1304 311 1356 casu
357 1303 522 1355 etiam
579 1300 714 1351 linea
797 1296 1058 1349 direstrix
1114 1304 1226 1364 ¹non
1295 1301 1550 1371 discrepat
1618 1321 1645 1356 a
1711 1305 1875 1358 duitu

196 1386 358 1454 ipsius
407 1384 516 1436 tubi
543 1374 575 1448 ς’
605 1378 924 1452 perindeque
969 1381 1069 1434 erit
1110 1373 1387 1451 'quodnam
1439 1387 1550 1440 tubi
1583 1386 1736 1459 <latus
1773 1402 1873 1461 pro

189 1465 467 1521 diret‘trice
513 1464 840 1533 accipiatur,
885 1465 1104 1519 inter-im
1152 1479 1331 1522 tamen
1380 1485 1487 1522 non
1535 1472 1605 1524 est
1653 1475 1870 1542 necesse,

188 1563 253 1606 -vt
298 1551 429 1606 tubo
475 1552 670 1622 vbique
735 1551 920 1604 eadem
951 1571 953 1573 ·
985 1549 1293 1620 amplitudo
1364 1554 1672 1624 tribuatur,
1743 1559 1873 1629 quin

187 1635 367 1709 potius
411 1636 627 1705 insignis
671 1634 940 1688 diuersitas
988 1634 1205 1692 admitti
1255 1640 1453 1708 poterit
1484 1681 1499 1706 ‚
1566 1641 1871 1698 dummodo

191 1736 477 1794 nusquam¹
515 1722 755 1776 enormis
796 1720 952 1775 saltus
1002 1733 1283 1790 occurrat,
1348 1723 1517 1778 veluti
1584 1726 1825 1780 eueniret
1855 1769 1870 1795 ,

193 1804 232 1860 fi
280 1808 485 1877 vspiam
529 1808 584 1860 in
641 1807 683 1862 F
753 1807 866 1860 tubi
924 1809 1253 1862 continuitas
1302 1820 1523 1863 tumore
1568 1809 1869 1866 interrum—

188 1905 447 1962 peretur,
516 1891 611 1963 qui
679 1890 890 1946 etiamst
959 1891 1081 1947 effet
1116 1892 1337 1948 infinite
1401 1911 1640 1965 parum,
1687 1908 1871 1953 tamen

191 1988 372 2030 motus
468 1993 577 2030 non
671 1976 904 2046 amplius
982 1977 1163 2046 legem
1248 1982 1629 2050 praescriptam
1724 1983 1868 2054 sequi

192 2058 403 2129 posset,
448 2062 576 2113 dum
621 2057 851 2110 fluidum
895 2060 948 2110 in
1003 2074 1219 2114 tumore
1262 2064 1369 2116 fere
1439 2065 1698 2130 stagnaret
1730 2104 1746 2129 ‚
1813 2078 1869 2119 et

194 2137 463 2204 reliquum
512 2137 728 2206 perinde
774 2139 1173 2204 prieterflueret
1201 2182 1215 2208 ,
1288 2159 1345 2196 ac
1412 2144 1452 2195 fi
1522 2158 1707 2196 tumor
1775 2147 1868 2203 ille

192 2219 392 2276 abesset,
521 2216 844 2272 Huiusmodi
914 2235 1044 2288 ergo
1121 2224 1540 2291 irregularitates
1610 2228 1665 2279 in
1736 2232 1868 2288 tubo

196 2316 378 2357 motus
421 2303 829 2359 continuitatem
882 2306 1239 2376 perturbantes
1293 2312 1520 2366 omnino
1585 2311 1701 2365 suut
1756 2331 1873 2370 -ex-

195 2389 490 2445 cludendae.
1039 2412 1041 2414 ·

671 2505 1216 2615 Scholion
1329 2537 1394 2587 2.

396 2658 444 2709 ς.
499 2647 820 2722 Quanquam
892 2633 1072 2704 motus
1139 2652 1361 2705 linearis
1431 2653 1645 2724 proprie
1715 2656 1870 2712 tubos

189 2726 404 2784 infinite
452 2735 684 2801 angustos
729 2734 997 2814 postulat,
1042 2752 1106 2789 ne
1145 2737 1410 2790 eiusmodi
1468 2736 1867 2808 inaequalitates

190 2827 322 2881 quae
369 2815 530 2872 huius
576 2831 754 2874 motus
781 2819 988 2878 indoli
1012 2821 1426 2894 adunarentur,
1470 2820 1653 2879 locum
1678 2823 1870 2882 habere

228 2928 230 2930 ·
903 2905 1005 2961 Ee
1051 2921 1083 2973 3
1641 2920 1861 2984 queant,
