2402 3329
659 175 1423 255 ANATOMICAE.
1755 200 1866 253 541

195 333 524 391 validissima.
608 330 874 386 Craffities
918 330 1144 395 ventriS‚
1192 348 1293 402 qua
1339 336 1545 402 gaudet,
1596 334 1865 388 enormis!

190 420 496 474 Membrana
540 417 712 484 rigida
740 457 753 481 ‚
803 431 900 486 qua
945 414 1265 470 -includitur
1329 432 1381 470 et
1423 417 1666 489 {denique
1735 436 1867 489 quae

184 503 315 556 haud
363 503 582 556 minoris
614 543 628 568 ,
670 518 829 571 quam
877 500 1085 571 priora,
1133 502 1397 555 momeiti
1457 505 1525 556 est
1557 543 1570 568 ‚
1641 503 1866 556 breuitas

181 587 342 641 totius
391 585 657 652 musculi,
705 586 1147 655 singu-latumque
1192 587 1302 637 eius
1364 585 1623 640 fibrarum
1656 628 1670 651 ,
1735 604 1863 639 cum

178 671 401 724 musculi
469 668 687 723 craflitie
753 669 1053 724 coniunsta.
1193 670 1319 743 Quo
1384 675 1529 725 enim
1601 670 1860 725 mliorem

173 755 383 824 copiam
429 752 687 808 fibrarum
750 752 1025 809 musculus
1069 751 1265 823 habet,
1329 771 1465 826 -quae
1526 773 1593 809 ex
1638 756 1861 810 ctaffitie

176 839 411 893 eiusdem
460 839 725 894 iudicatur
753 880 768 905 ‚
809 854 862 894 et
905 855 1009 908 quo
1054 838 1320 893 breuiores
1367 840 1465 895 hae
1509 840 1666 894 fibrae
1714 845 1855 906 sunt,

174 936 236 973 oo
283 923 448 976 maius
494 926 653 977 robur
697 926 742 976 ei
789 922 940 974 ineffe
987 921 1136 972 facile
1179 921 1522 991 intelligitur.
1625 924 1857 994 Ideoque

176 1008 270 1076 qui
319 1009 545 1060 musculi
590 1006 736 1073 longi
787 1006 922 1066 sunt,
977 1017 1063 1055 eos
1108 1005 1334 1074 vaginis,
1378 1006 1464 1058 vel
1494 1007 1873 1077 inscriptioni-.

176 1089 269 1142 bus
315 1091 572 1144 tendineis
601 1131 615 1157 ,
682 1087 771 1142 vel
823 1089 943 1142 aliis
987 1086 1268 1155 artificiis,
1336 1091 1525 1159 quibus
1592 1091 1854 1145 debilitati

176 1188 359 1226 eorum
419 1177 747 1229 succurratur
796 1211 811 1236 ,
900 1171 1142 1244 munitos
1214 1173 1474 1225 videmus.
1602 1174 1690 1227 Ex
1767 1173 1854 1226 his

171 1259 416 1310 omnibus
483 1259 651 1327 igitur
717 1253 1080 1320 colligendum
1148 1252 1244 1306 effe-
1307 1258 1556 1312 existimo
1611 1299 1624 1324 ‚
1705 1256 1850 1311 hunc

172 1342 472 1395 musculum
516 1352 806 1398 anconeum
860 1337 1035 1391 leonis
1080 1339 1306 1395 omnino
1353 1341 1615 1411 singulare
1658 1358 1848 1397 exem-

165 1425 321 1496 plum
370 1425 659 1482 validitatis
701 1434 752 1477 et
801 1422 1005 1475 roboris
1050 1419 1343 1492 exhibere,
1400 1444 1491 1482 nee
1563 1443 1842 1499 perperam

170 1509 312 1562 leoni
344 1549 358 1576 ‚
401 1507 835 1581 praecipue-eius
881 1506 1096 1571 astioni,
1151 1523 1251 1576 qua
1298 1511 1457 1583 ferit,
1506 1513 1623 1566 vim
1674 1511 1842 1565 maxi-

167 1606 255 1644 me
301 1593 559 1662 infignem
607 1592 981 1662 insolitamque
1026 1591 1340 1662 adscriptam
1385 1594 1498 1649 effe.

356 1716 619 1776 Secundus
674 1733 929 1774 anconeus
1000 1721 1237 1785 exterior
1299 1721 1387 1775 est.
1492 1719 1595 1775 Ille
1666 1718 1841 1774 oritur
1859 1721 2096 1765 Anconeus

160 1800 250 1854 sub
294 1818 440 1872 parte
487 1806 706 1861 tensoris
749 1805 1002 1859 anteriori
1045 1820 1070 1856 a
1121 1802 1273 1875 plana
1319 1805 1527 1878 lataque
1568 1807 1694 1861 facie
1751 1816 1840 1857 tu-
1862 1795 2067 1829 externus
2121 1802 2128 1804 t

160 1883 292 1935 beris
338 1890 551 1944 maioris
592 1891 707 1945 offis
750 1889 965 1942 humeri
1013 1903 1232 1940 carneus
1268 1930 1283 1953 ,
1343 1903 1396 1943 et
1439 1908 1602 1959 pon-0
1645 1891 1704 1942 ab
1745 1905 1839 1942 ex-
1862 1846 2127 1963 [lqufvlff

167 1966 348 2022 teriori
393 1972 624 2027 eiusdem
671 1972 790 2022 offis
834 1968 1128 2034 superficie.
1220 1968 1351 2021 Inde
1395 1973 1531 2024 latus
1572 1985 1626 2023 et
1648 1973 1838 2024 crassus

167 2047 304 2101 recsta
349 2056 605 2109 descendit
651 2062 703 2102 et
747 2049 854 2101 cito
888 2049 946 2119 *in
995 2050 1265 2103 tendinem
1314 2053 1436 2121 abit,
1482 2056 1594 2126 ipso
1621 2054 1842 2108 muscu-

168 2129 225 2184 lo
269 2133 515 2189 latiorem
549 2178 563 2203 ,
602 2133 692 2205 qui
734 2132 1049 2188 coniune‘tus
1094 2148 1218 2187 cum
1263 2138 1474 2192 tendine
1521 2139 1729 2207 magni,
1778 2139 1834 2192 in

165 2217 457 2286 processum
499 2233 784 2273 anconeum
817 2218 1034 2287 partim,
1083 2219 1386 2290 partimque
1439 2223 1493 2274 in
1540 2238 1830 2292 aponeuro-

166 2300 327 2352 ticam
357 2302 597 2372 vaginam
643 2302 953 2356 antibraehii
981 2302 1243 2357 inseritur.
1291 2305 1558 2379 Quamuis
1584 2308 1640 2360 vi
1667 2306 1831 2374 longe

165 2387 315 2438 cedat
358 2403 582 2442 anconeo
625 2403 820 2457 magno
847 2426 862 2452 ‚
907 2400 1083 2440 tamen
1132 2401 1187 2442 et
1233 2389 1339 2458 ipse
1407 2391 1613 2446 validus
1679 2405 1831 2443 mus-

165 2468 311 2521 culus
351 2472 416 2525 est
445 2514 459 2540 ,
499 2474 589 2543 qui
635 2471 936 2541 symbolum
984 2473 1142 2525 suum
1188 2471 1324 2528 haud
1372 2474 1721 2550 spernendum
1766 2473 1828 2528 ad

165 2553 426 2609 astionem
469 2557 629 2612 cubiti
672 2558 906 2612 conterre
948 2558 1177 2611 videtur.

359 2682 569 2736 Tertius
621 2698 839 2753 autem,
904 2687 1170 2757 interior,
1236 2689 1503 2755 omnino,
1569 2700 1827 2761 quatenus
1848 2668 2091 2739 Anconem

164 2763 220 2815 in
261 2762 408 2820 leone
434 2804 451 2839 ‚
491 2784 686 2843 paruus
733 2770 1005 2826 musculus
1042 2775 1113 2827 est
1140 2813 1154 2842 ‚
1210 2785 1263 2827 et
1315 2788 1512 2848 parum
1540 2813 1555 2843 ‚
1621 2775 1780 2827 credo
1812 2740 2111 2861 ‘zgtjgergab

859 2855 919 2932 „Y
934 2871 970 2927 Y
995 2871 1031 2926 y
1080 2874 1112 2924 3
1700 2857 2112 2912 con-TXXVIIL
