2402 3329
530 240 651 304 480
929 227 1433 289 RAalonM
1502 229 1800 288 Av1vM

728 380 919 454 Atque
967 380 1097 437 haec
1142 383 1292 438 facies
1336 384 1449 437 auis
1493 385 1563 439 est
1595 425 1610 450 ,
1662 381 1793 434 dum
1838 379 1924 434 sub
1966 366 2210 436 adultam

529 478 754 521 aetatem
803 465 1231 537 deprehenditur.
1322 469 1512 523 Iunior
1556 467 1957 521 alaudinaceum
2002 479 2128 536 prae
2165 470 2212 520 se

529 552 629 625 fert
670 553 951 620 ordinem,
996 565 1111 607 toto
1153 569 1376 624 corpore
1417 553 1658 618 cinerea,
1704 550 1795 604 vel
1838 562 1890 602 et
1934 568 1961 604 e
2005 551 2216 607 cinereo

529 636 820 692 rubicunda
852 679 866 706 ‚
938 640 1395 708 quemadmodum
1470 640 1586 690 icon
1633 636 1848 705 dorsum
1898 635 2212 705 supremum

527 723 808 792 exprimit.
900 723 1139 777 Mutatio
1205 724 1257 775 in
1330 735 1507 775 atrum
1569 719 1807 774 colorem
1854 718 1918 772 fit
1965 721 2215 790 pedeten-

527 806 628 859 tim
663 849 677 875 ,
747 820 809 861 vt
871 807 1159 876 specimina
1204 805 1483 875 possideam
1513 847 1527 872 ,
1593 817 1701 860 tota
1745 805 1984 874 gryseo-
2013 805 2170 858 rubra
2199 847 2213 873 ,

533 892 730 944 duabus
774 891 1007 958 partibus
1053 891 1239 955 grysea
1268 929 1281 954 ‚
1328 906 1432 941 vna
1477 905 1580 958 que
1629 901 1737 940 atra
1770 929 1785 954 ‚
1826 891 2018 955 gryseo
2061 891 2217 958 nigro

531 987 636 1042 que
677 971 950 1023 dimidiata
981 1008 995 1035 ‚
1042 969 1144 1019 alia
1188 971 1459 1019 aterrima.
1553 972 1677 1021 Icon
1722 969 1826 1021 tale
1870 970 2027 1025 habet
2057 1016 2072 1037 ,
2126 973 2216 1028 vbi

528 1054 643 1108 auis
690 1053 978 1107 vniuersali
1025 1050 1291 1120 nigredini
1337 1049 1591 1122 proxima
1655 1050 1742 1104 est.
1832 1051 1931 1106 Sed
1995 1056 2218 1110 feminae

533 1141 679 1194 frons
724 1138 930 1208 semper
975 1137 1252 1190 canescens,

714 1266 928 1334 Hyeme
997 1260 1366 1318 Astrachaniae
1427 1260 1841 1330 frequentissima
1915 1263 2078 1332 aui8‚
2165 1266 2221 1321 in

533 1352 744 1408 desertis
788 1349 1041 1416 volitanS,
1084 1346 1548 1419 adpropinquante
1591 1362 1716 1400 vere
1768 1346 1881 1404 loca
1918 1347 2119 1420 Wolgae
2142 1352 2220 1406 su-

538 1438 747 1510 periora
793 1435 1055 1504 gregatim
1101 1445 1297 1505 petens·

1287 1594 1459 1662 XXI.

266 1745 532 1876 Ἷξβε-Χξῐῐῐ·
795 1740 1300 1814 EMBERIZA
1344 1736 1944 1824 leucocephalos.

336 1831 392 1859 1.
456 1849 465 1860 ‚
985 1857 990 1862 ,
2013 1844 2018 1845 ’

733 1895 960 1973 Rostrum
1009 1905 1051 1959 ἐξ
1100 1897 1326 1965 longum
1359 1936 1373 1961 ‚
1427 1895 1724 1963 conicum,
1794 1892 2084 1965 paululum
2157 1894 2220 1948 ad

535 1980 698 2035 latera
745 1982 1040 2051 depressum
1072 2021 1085 2047 ‚
1131 1979 1421 2032 mandz'hula
1452 1979 1703 2050 superiori
1749 1993 1897 2046 mgra
1927 2019 1941 2046 ,
2002 1976 2224 2047 inferiori

538 2064 756 2119 albente.
846 2064 1043 2117 Pennae
1089 2063 1223 2115 circa
1272 2061 1499 2114 rostrum
1558 2060 1725 2112 sature
1793 2065 2047 2116 castaneae
2119 2058 2223 2115 siue

537 2151 704 2217 rufae,
746 2149 803 2202 in
852 2147 1016 2202 latam
1043 2146 1236 2202 similis
1260 2145 1456 2201 coloris
1481 2143 1685 2198 fasciam
1717 2143 1865 2216 supra
1892 2145 2077 2198 oculos
2102 2161 2226 2198 con-

540 2236 802 2301 tinuatae,
848 2249 978 2305 quae
1021 2232 1217 2285 reflexa
1262 2231 1557 2286 secundum
1604 2230 1909 2283 inferiorem
1958 2229 2228 2284 malarum

542 2322 848 2386 marginem
897 2320 957 2372 ad
1006 2319 1232 2372 rostrum
1275 2317 1453 2381 redit,
1493 2312 1628 2366 albas
1675 2314 1836 2367 malas
1879 2313 2083 2369 circulo
2142 2316 2227 2369 suo

542 2404 809 2470 includit,
855 2404 909 2455 in
957 2403 1081 2471 gula
1130 2402 1334 2472 torquis
1378 2400 1602 2472 speciem
1650 2401 1834 2454 efficit.
1882 2400 2048 2472 Rufus
2090 2416 2225 2468 quo-

541 2505 646 2562 que
692 2488 884 2543 (ludius
933 2488 1064 2542 infra
1112 2487 1299 2545 oculos
1343 2484 1669 2554 conspicuus.
1713 2485 1906 2539 Vertex
1946 2498 1998 2539 et
2040 2488 2225 2558 occiput

545 2574 682 2641 alba,
728 2574 911 2645 pennis
953 2574 1265 2645 quibusdam
1314 2570 1373 2622 ad
1419 2571 1677 2622 verticem
1725 2575 1872 2640 apice
1910 2570 2219 2638 nigricanti-

546 2660 655 2714 bus.
742 2657 922 2712 Album
969 2659 1071 2711 hoc
1119 2657 1182 2709 ad
1228 2655 1458 2708 frontem
1509 2655 1892 2728 regionemque
1959 2655 2232 2725 syncipitis

523 2741 751 2814 spatium
793 2743 954 2796 duecu
1003 2743 1298 2809 nigricante
1342 2737 1617 2803 cinerum,
1661 2738 1837 2794 fasciae
1886 2743 2033 2794 rufae
2077 2741 2230 2812 supra

543 2823 735 2879 oculos
781 2828 1071 2895 contiguae.
1116 2823 1306 2878 Ceruix
1349 2821 1526 2878 dilute
1571 2826 1686 2877 rufa
1717 2865 1732 2893 ‚
1777 2841 2075 2898 pennarum
2121 2825 2233 2878 oris'

2172 2921 2226 2961 in
