2402 3329
446 247 564 310 238
988 233 1142 290 DE
1228 224 1583 289 MOTV

446 392 742 449 restionem
788 399 944 458 vrget
972 429 987 458 ,
1029 387 1134 441 erit
1176 374 1499 468 Ῥ-ᾱ-ἒ-ΣΞΗ
1543 391 1699 451 atque
1766 371 1891 427 hinc
1962 379 2147 441 motus

1353 443 1371 467 S

449 495 603 550 fluidi
646 492 970 560 sequentibus
1016 489 1210 542 duabus
1256 484 1658 553 aequationibus
1701 478 2060 548 exprimetur.

539 586 674 671 ᾳω(εἰ
701 595 716 618 ³
745 595 981 671 )::Qss
1007 573 2127 687 etlg—gq-dgz2g(mdx†Qdy)-·ds(‘¹-ddt2⁵)

655 644 678 679 a
704 648 725 679 s

458 725 518 780 in
561 739 666 798 qua
712 719 996 798 posteriori
1042 730 1260 791 tempus
1306 731 1328 773 t
1373 718 1608 785 constans
1654 718 1729 773 est
1772 717 2085 771 assumtum.

1024 863 1436 983 Coroll
1559 894 1612 939 n

665 1025 762 1058 21·
811 1003 1049 1057 Deuotat
1095 1015 1229 1066 ergo
1287 992 1412 1080 <ji-{1
1478 998 1816 1051 celeritatem
1884 997 2039 1051 fluidi
2106 995 2162 1048 in

461 1107 576 1162 tubi
627 1101 899 1173 punctoy
943 1097 1119 1169 elapso
1164 1108 1408 1166 tempore
1448 1116 1519 1151 z
1546 1108 1568 1149 t
1598 1137 1613 1163 ,
1681 1113 1846 1167 quam
1915 1112 2045 1161 ergo
2088 1095 2166 1148 ita

459 1199 837 1261 comparatum
884 1184 982 1238 effe
1027 1193 1245 1253 oportet
1287 1195 1351 1235 vt
1395 1182 1532 1236 facto
1575 1195 1737 1236 t:::.0
1793 1180 1886 1235 fiat
1941 1173 2164 1266 (gf-:Y

460 1293 663 1363 quippe
705 1302 834 1359 quae
876 1283 1119 1340 celeritas
1168 1280 1224 1334 in
1273 1280 1406 1335 statu
1448 1280 1650 1336 initiali
1698 1294 1761 1337 vt
1811 1296 2029 1353 cognita
2096 1281 2171 1337 est

463 1374 754 1450 spectanda.

1021 1443 1416 1522 Coroll
1530 1470 1594 1522 2

666 1567 979 1624 Curuamen
1026 1579 1158 1632 ergo
1203 1562 1316 1617 tubi
1366 1575 1580 1619 tantum
1629 1565 1682 1618 in
1725 1564 1914 1621 effectu
1950 1563 2166 1620 virium

467 1655 880 1714 sollicitantium
930 1650 1295 1706 variationem
1344 1652 1487 1722 parit
1534 1651 1797 1724 quoniam
1845 1669 1947 1724 pro
1989 1650 2174 1723 quauis

473 1742 630 1797 fluidi
678 1735 936 1809 particula
981 1751 1048 1789 ex
1095 1733 1300 1790 viribus
1361 1735 1762 1792 sollicitantibus
1827 1755 1886 1792 ea
1957 1750 2183 1791 tanturn·

477 1828 560 1881 vis
615 1822 958 1877 acceleratrix
1030 1819 1217 1889 colligi
1291 1822 1440 1876 debet
1505 1837 1639 1891 quae
1705 1822 1991 1875 secundum
2062 1817 2174 1868 tubi

476 1908 832 1968 direffionem
878 1905 1001 1976 agit.

1048 2034 1625 2109 Scholion.

682 2169 781 2223 23.
831 2148 1220 2204 Animaduerti
1264 2147 1357 2200 hic
1398 2146 1655 2201 conuenit
1700 2142 1752 2197 in
1799 2144 1931 2200 statu
1985 2143 2182 2202 initiali

485 2260 651 2315 neque
696 2238 1032 2295 celeritatem
1084 2235 1131 2287 Υ
1182 2250 1351 2305 neque
1399 2233 1718 2305 pressionem
1767 2230 1804 2284 P
1862 2247 1963 2302 pro
2006 2230 2184 2287 lubitu

489 2328 623 2398 fingi
670 2327 829 2399 posse,
873 2337 1000 2375 cum
1045 2320 1193 2374 euim
1244 2320 1343 2373 hae
1386 2317 1703 2389 quantitates
1749 2316 1803 2369 in
1841 2318 2185 2387 aequationes

489 2430 590 2488 pro
637 2424 795 2464 motu
846 2408 1090 2460 inuentas
1135 2422 1239 2459 non
1284 2405 1656 2474 ingrediantur
1720 2415 1807 2452 eas
1873 2402 1947 2456 ita
2024 2412 2186 2455 com-

487 2510 697 2571 paratas
741 2493 839 2550 effe
883 2501 1145 2564 oportet,
1213 2503 1276 2545 vt
1350 2490 1624 2562 postquam
1679 2489 2026 2556 aequationes
2097 2488 2189 2541 in·

489 2597 677 2637 ventae
747 2579 948 2633 fuerint
993 2578 1328 2647 integratae,
1372 2589 1439 2626 ex
1507 2569 1774 2626 valoribns
1842 2571 2077 2643 ipsarum
2151 2590 2186 2628 3

492 2680 544 2722 et
580 2680 614 2734 p
657 2666 829 2738 pofito
872 2677 1123 2732 tempore
1167 2673 1326 2713 τεο
1385 2655 1511 2710 illae
1555 2658 1881 2727 quantitates
1926 2658 2187 2712 oriantur.

424 2776 427 2777 ⁷
492 2753 816 2826 Quanquam
866 2761 1042 2803 autem
1087 2741 1377 2812 integratio
1425 2743 1727 2797 maximam
1766 2741 2187 2816 amplitudinem

496 2837 681 2892 secum
728 2834 1032 2902 importat,
1075 2840 1258 2884 tamen
1302 2827 1448 2887 effici
1512 2831 1740 2903 nequit,
1804 2842 1866 2886 vt
1931 2832 1986 2885 in
2056 2828 2189 2880 flatu

1977 2910 2187 2971 initiali
