2402 3329
536 215 1098 281 FLVIDORVM
1171 215 1601 275 LINEARI.
1791 238 1907 289 335

779 363 1356 449 Scholion.

434 517 561 570 127.
609 502 879 578 Quoniam
930 506 1083 576 supra
1131 508 1370 561 vidimus
1414 505 1631 560 mallum
1688 504 1914 559 fluidam

223 606 449 662 grauem
493 593 545 643 in
592 591 914 660 aequilibrio
961 591 1060 646 effe
1105 609 1209 647 non
1260 591 1397 661 poffe
1428 632 1443 660 ‚
1490 589 1585 643 nifi
1632 592 1685 643 in
1730 606 1913 661 aequa-

226 678 365 734 libus
451 675 825 729 altitudinibus
913 677 1111 749 vbique
1181 676 1363 729 eadem
1437 674 1659 729 densitas
1725 675 1911 730 locum

222 762 451 828 habeat,
516 777 710 831 operae
771 764 1001 817 omuino
1061 761 1168 816 erit
1219 762 1459 834 pretium
1516 758 1602 813 hic
1647 761 1915 814 eiusmodi

222 849 361 903 casus
428 845 720 912 euoluere,
786 846 874 901 vbi
943 845 1323 917 aequilibrium
1400 847 1609 920 prorsus
1655 845 1916 901 subsistere

223 934 424 1005 nequit.
539 936 620 985 Ac
668 932 852 1000 primo
895 933 1111 1001 quidem
1159 936 1205 986 se
1246 933 1401 986 offert
1445 933 1601 985 tubus
1641 930 1916 986 circularis

223 1020 278 1072 in
326 1018 427 1071 situ
478 1015 720 1068 verticuli
771 1014 965 1083 positus
995 1055 1010 1081 ‚
1079 1016 1175 1083 qui
1222 1016 1283 1066 ab
1325 1030 1427 1067 vna
1474 1027 1623 1083 parte
1666 1016 1914 1082 caliduS,

223 1103 287 1156 ab
330 1101 493 1155 altera
552 1098 775 1166 frigidus
843 1098 1101 1151 seruatur.
1233 1096 1314 1152 Sit
1380 1095 1576 1151 scilicet
1648 1098 1757 1154 AS
1788 1098 1916 1155 BD

226 1187 382 1241 tubus
466 1182 741 1238 circularis
828 1183 883 1234 in
949 1174 1113 1251 plano
1192 1181 1437 1234 verticuli
1521 1183 1718 1252 positus
1811 1200 1915 1240 cu-

226 1275 310 1326 ius
356 1264 547 1324 ACB
595 1267 659 1321 fit
705 1264 966 1320 diameter
1037 1263 1429 1333 horizontalis3
1500 1266 1644 1323 hunc
1720 1268 1912 1324 tubum

223 1358 365 1411 circa
408 1351 467 1405 A
513 1353 585 1404 ita
631 1345 861 1403 calefieri
905 1349 1180 1402 sumamus
1208 1390 1223 1416 ‚
1295 1364 1357 1405 vt
1402 1366 1535 1420 aqua
1582 1354 1652 1408 ibi
1693 1368 1916 1410 conten-

223 1451 274 1494 ta
320 1448 531 1492 tantum
579 1449 686 1486 non
732 1431 952 1486 ebulliat
997 1450 1025 1486 e
1072 1434 1289 1503 regione
1335 1452 1466 1490 vero
1507 1440 1562 1491 in
1634 1440 1680 1494 B
1749 1439 1908 1493 tubus

224 1522 290 1577 fit
334 1518 594 1586 frigidm,
658 1518 826 1586 gradu
871 1517 1071 1572 caloris
1113 1520 1175 1573 ab
1215 1524 1267 1575 A
1315 1527 1375 1578 ad
1421 1519 1465 1574 B
1532 1523 1637 1577 siue
1703 1524 1909 1580 sursum

219 1605 327 1661 fiue
372 1604 616 1658 deorsum
667 1604 1066 1674 progrediendo
1112 1605 1386 1660 succeffiue
1430 1606 1756 1664 decrescente
1786 1660 1799 1677 ,
1849 1621 1915 1664 vt

1954 914 2067 963 Tab.
2108 914 2181 960 VI.

1955 985 2045 1046 Fig.
2081 983 2154 1038 64.

217 1691 274 1745 in
320 1689 372 1744 A
415 1688 558 1746 calor
601 1686 666 1742 fit
713 1692 992 1745 maximus
1036 1691 1093 1744 in
1140 1691 1187 1746 B
1231 1708 1363 1746 vero
1391 1693 1673 1749 minimus.
1760 1695 1914 1767 Qua·
1967 1685 1971 1688 ’

216 1786 374 1830 tenus
417 1790 548 1845 ergo
585 1773 780 1831 tubum
850 1774 1205 1833 vehementer
1266 1777 1547 1848 angustum
1617 1780 1916 1853 ponimuS,

215 1877 351 1935 aqua
397 1878 490 1934 per
535 1876 665 1917 cum
711 1874 864 1917 mota
909 1862 1055 1935 quasr
1100 1863 1301 1936 punc'to
1348 1863 1607 1935 temporis
1660 1865 1718 1920 in
1772 1882 1913 1939 quo·

219 1949 306 2002 vis
350 1946 472 2002 loco
517 1947 632 2001 tubi
676 1946 909 2003 calorem
956 1951 1200 2019 recipiet.
1284 1948 1491 2022 Quodsi
1537 1968 1675 2005 nunc
1723 1964 1909 2008 totum

221 2033 417 2085 tubum
458 2046 596 2101 aqua
644 2031 863 2098 plenum
905 2032 1230 2083 assumamus
1259 2072 1276 2097 ,
1343 2033 1465 2084 fieri
1522 2034 1750 2088 omnino
1815 2050 1911 2087 ne-

221 2114 342 2183 quit
370 2150 390 2178 ‚
431 2124 492 2164 vt
534 2125 671 2181 aqua
713 2111 760 2160 se
803 2111 866 2162 ad
909 2112 1293 2180 aequilibrium
1337 2126 1674 2185 componat,
1716 2115 1915 2169 cuius-

225 2195 377 2249 modi
420 2193 591 2262 igitur
631 2203 847 2246 motum
892 2191 958 2249 fit
1003 2197 1255 2268 adeptura
1295 2197 1351 2253 in
1391 2199 1640 2272 sequente
1692 2198 1914 2275 proble-

226 2292 370 2335 mate
415 2278 864 2348 inuestigabimus.

700 2420 1184 2506 Problema
1301 2429 1425 2509 62.

426 2575 554 2628 128.
600 2567 656 2626 Si
699 2570 856 2626 tubus
894 2573 1169 2631 circularis
1217 2575 1273 2631 in
1319 2576 1423 2632 situ
1468 2571 1717 2631 verticuli
1764 2572 1903 2648 pofi·
1938 2579 2053 2646 Tab.
2096 2586 2173 2636 vl.

225 2665 313 2710 tus
359 2655 410 2710 A
437 2654 623 2711 SBD
669 2656 732 2712 s1t
777 2673 1038 2732 perpetuo
1083 2662 1136 2714 in
1190 2664 1243 2716 A
1286 2664 1538 2730 calidu5‚
1583 2664 1636 2717 in
1685 2659 1732 2717 Β
1777 2677 1909 2716 vero
1939 2650 2031 2717 Fig.
2064 2654 2142 2714 64.

219 2741 490 2809 frigidm,
535 2753 656 2797 tum
699 2760 831 2799 vero
865 2762 1000 2818 aqua
1046 2746 1316 2819 repleatur
1342 2792 1357 2818 ,
1402 2766 1532 2823 quae
1574 2747 1770 2820 vbique
1815 2759 1908 2801 tu-

222 2825 278 2882 bi
347 2839 835 2902 temperamentum
903 2833 1081 2889 statim
1146 2836 1418 2914 recipiat3
1502 2834 1669 2893 huius
1745 2849 1908 2904 aquae

1683 2930 1903 2977 motum
