2402 3329
529 208 567 261 ς
579 210 655 261 90
721 185 1043 248 ιΟΝςῑτ.
1072 178 1684 246 GEOGRAPHICAE
1713 182 1818 239 Ex
1845 178 2130 238 Ecum

532 343 741 398 tionem
789 340 992 397 horum
1037 335 1376 392 calculorum
1421 345 1475 387 et
1517 335 1923 391 conclusionum
1972 331 2092 385 inde
2135 330 2217 384 de-

535 430 822 483 ductarum
875 446 937 480 eo
984 428 1161 478 minus
1209 420 1544 477 Astronomis
1587 420 1981 492 dispincituram
2048 414 2220 470 coufi-

537 515 607 568 do
637 554 652 579 ‚
718 513 859 584 qnod
927 511 1032 564 fine
1076 511 1257 563 exacta
1304 506 1746 560 determinatione
1790 502 2220 571 Longitudinum

539 615 642 671 pro
689 600 753 652 iis
797 596 964 664 lociS,
1033 594 1121 647 vbi
1169 592 1418 647 tranfitus
1466 589 1681 644 Veneris
1726 590 2027 644 obseruatus
2071 587 2177 640 fuit
2206 623 2222 651 ‚

537 684 924 738 obseruationes
988 679 1291 751 posterioris
1364 673 1528 726 liuius
1592 674 1950 730 Phaenomeni
2010 671 2227 726 inutiles

536 769 759 823 euadant
803 767 862 820 ad
910 763 1369 818 determinandam
1418 763 1770 829 quantitatem
1820 759 2102 813 Parallaxis
2126 756 2228 811 So-

542 851 666 905 laris
697 893 712 919 ,
753 853 884 903 dum
929 865 985 899 ea
1031 860 1210 898 tamen
1256 845 1368 895 loca
1415 845 1728 914 excipienda
1779 845 1899 897 sunt
1927 885 1942 910 ,
2004 846 2060 896 in
2104 842 2227 911 qui·

538 938 629 990 bus
658 976 672 1002 ,
743 946 852 984 tam
924 928 1214 995 ingressum
1261 941 1432 992 quam
1479 929 1739 992 egressum
1791 929 2008 980 Veneris
2053 927 2229 978 obier-

535 1035 663 1072 vare
730 1016 900 1071 licuit.
1033 1009 1360 1078 Congrnum
1427 1022 1607 1061 autem
1680 1007 1821 1061 mihi
1887 1012 2067 1061 visum
2137 1010 2231 1076 est,

536 1102 680 1157 hanc
731 1094 1204 1155 trastatiunculam
1271 1093 1326 1145 in
1398 1102 1505 1145 tres
1567 1093 1838 1162 dispertiri
1911 1092 2230 1162 Articulos,

536 1202 773 1261 quorum
811 1183 1009 1256 primus
1053 1177 1346 1234 continebit
1390 1176 1808 1232 delineationem
1866 1193 2039 1232 nouae
2108 1178 2230 1234 Me-

538 1272 695 1328 thodi
761 1285 828 1322 ex
895 1265 1173 1320 obseruatis
1241 1261 1531 1330 Eclipsibus
1585 1262 1852 1317 Solaribus
1901 1262 2234 1333 Longitudia

541 1375 670 1414 -nern
719 1356 964 1410 locorum
1010 1346 1401 1404 determinandi
1433 1389 1448 1415 ,
1497 1347 1744 1422 secundas
1804 1349 2020 1402 breuem
2095 1348 2232 1402 sistet

541 1441 935 1515 expositionem
981 1434 1377 1489 elementorum
1427 1449 1518 1505 per
1563 1432 1837 1489 calculum
1884 1449 1950 1487 ex
2009 1433 2235 1503 singulis

539 1524 984 1584 obseruationibus
1027 1519 1385 1575 deductorum
1431 1532 1483 1572 et
1528 1521 1712 1573 tertius
1755 1519 1979 1589 denique
2010 1520 2234 1574 modum

545 1629 614 1668 ex
680 1606 1072 1682 aequ-<itionibus
1137 1605 1426 1669 finalibus,
1490 1621 1594 1656 non
1660 1603 1837 1657 solum
1882 1605 2236 1659 correctiones

543 1697 942 1749 elementorum
990 1690 1497 1743 Astronomicorum
1546 1687 1850 1739 inueniendi
1884 1727 1899 1752 ,
1944 1689 2029 1741 sed
2067 1688 2234 1742 etiam

543 1794 699 1836 veras
745 1771 1131 1843 Longitudines
1177 1771 1428 1827 locorum
1472 1770 1876 1825 determinandi.

982 1935 1670 2003 ARTICVLVS
1757 1938 1804 2004 Ι.

550 2062 880 2150 Expofitio
944 2057 1248 2128 Methodi
1315 2079 1395 2124 ex
1460 2055 2024 2129 obseruationibus
2079 2064 2237 2136 Ecli-

725 2148 923 2235 pfium
968 2145 1131 2217 Solis
1160 2197 1177 2226 ,
1231 2143 1715 2227 Longitudines
1756 2148 2060 2220 locorum

1143 2228 1635 2297 determinandi.

754 2385 806 2434 3.
853 2369 1042 2443 Quum
1089 2368 1142 2421 in
1188 2367 1448 2440 praesenti
1513 2363 1876 2437 disquisitione
1946 2387 2103 2427 verae
2171 2371 2239 2427 fi-

556 2471 718 2527 gurae
762 2453 972 2510 telluris
1016 2456 1285 2508 rationem
1353 2451 1541 2507 habere
1606 2456 2018 2522 constituimus,
2088 2474 2117 2512 e
2182 2475 2240 2513 re

554 2556 769 2614 quoque
812 2541 917 2593 erit
964 2557 1064 2612 pro
1104 2552 1430 2610 vnoquoque
1480 2536 1642 2603 loco,
1709 2541 1762 2593 in
1830 2559 1941 2614 quo
2009 2541 2238 2615 Eclipsis

553 2626 690 2684 Solis
733 2627 1001 2681 obseruata
1047 2627 1147 2681 fuit
1176 2667 1190 2692 ,
1265 2627 1575 2693 cognoscere
1622 2634 1740 2676 tum
1785 2628 2084 2683 distantiam
2134 2628 2238 2681 hu-

555 2711 638 2765 ius
681 2710 788 2766 loci
833 2729 860 2765 a
905 2723 1089 2767 centro
1129 2708 1371 2778 tellum,
1408 2723 1544 2779 cum
1591 2709 1756 2763 etiam
1783 2714 2040 2783 angulum
2071 2728 2236 2785 quem

562 2797 700 2854 reeta
747 2798 809 2852 ad
852 2810 1104 2854 centrum
1145 2794 1357 2853 telluris
1399 2793 1558 2852 dueta
1602 2795 1727 2851 facit
1769 2814 1900 2854 cum
1968 2801 2111 2855 linea
2173 2798 2237 2853 ad

2060 2884 2240 2958 super·-
